Actual Clear Date Time,Beginning Latitude,Beginning Longitude,Closure Duration,Closure Involved Flag,Command Area District Identifier,Create Date Time,Direction,Ending Latitude,Ending Longitude,Event Duration,Event From Mile Point Number,Event Identifier,Event Planned Flag,Event Sub Type Name,Event To Milepoint Number,Highway Name,Is Re Opened Flag,LRM End Point,LRM,Last Close Date Time,Number of Records,Original Close Date Time,Planned Event End Date,Planned Event Start Date,Recovery Begin Time,Road Identifier,Roadway Clearance Duration,Route Number,Travel Lanes Affected Count,Weekday
8/27/2018 10:37:05 PM,45.57935,-122.11921,,False,2C,8/12/2018 3:57:33 PM,WB,,,328,31.3,18T067193,False,ITS Device Failure,,COLUMBIA RIVER,True,,00200D00,8/27/2018 10:37:05 PM,1,8/12/2018 4:03:01 PM,,,,2,,I-84,,Sunday
5/13/2018 5:43:46 PM,45.57935,-122.11921,,False,2C,5/13/2018 2:29:15 PM,WB,,,1382,31.3,18T037525,False,Damaged ODOT Property,,COLUMBIA RIVER,True,,00200D00,5/13/2018 5:43:46 PM,1,5/13/2018 2:52:17 PM,,,,2,,I-84,,Sunday
11/18/2018 11:28:05 AM,45.57935,-122.11921,,False,2C,11/18/2018 11:25:32 AM,WB,,,153,31.3,18T098241,False,ITS Device Failure,,COLUMBIA RIVER,False,,00200D00,11/18/2018 11:28:05 AM,1,11/18/2018 11:28:05 AM,,,,2,,I-84,,Sunday
11/4/2018 11:16:21 AM,45.57935,-122.11921,,False,2C,11/4/2018 10:51:30 AM,WB,,,1491,31.3,18T093819,False,ITS Device Failure,,COLUMBIA RIVER,False,,00200D00,11/4/2018 11:16:21 AM,1,11/4/2018 11:16:21 AM,,,,2,,I-84,,Sunday
10/14/2018 11:58:35 AM,45.57935,-122.11921,,False,2C,10/14/2018 11:38:27 AM,WB,,,1208,31.3,18T086768,False,ITS Device Failure,,COLUMBIA RIVER,False,,00200D00,10/14/2018 11:58:35 AM,1,10/14/2018 11:58:35 AM,,,,2,,I-84,,Sunday
10/7/2018 3:02:12 PM,45.57935,-122.11921,,False,2C,10/7/2018 3:01:21 PM,WB,,,51,31.3,18T084719,False,ITS Device Failure,,COLUMBIA RIVER,False,,00200D00,10/7/2018 3:02:12 PM,1,10/7/2018 3:02:12 PM,,,,2,,I-84,,Sunday
10/7/2018 2:38:39 PM,45.57935,-122.11921,,False,2C,10/7/2018 2:38:21 PM,WB,,,18,31.3,18T084712,False,ITS Device Failure,,COLUMBIA RIVER,False,,00200D00,10/7/2018 2:38:39 PM,1,10/7/2018 2:38:39 PM,,,,2,,I-84,,Sunday
10/7/2018 2:34:50 PM,45.57935,-122.11921,,False,2C,10/7/2018 2:34:21 PM,WB,,,29,31.3,18T084709,False,ITS Device Failure,,COLUMBIA RIVER,False,,00200D00,10/7/2018 2:34:50 PM,1,10/7/2018 2:34:50 PM,,,,2,,I-84,,Sunday
10/7/2018 1:44:16 PM,45.57935,-122.11921,,False,2C,10/7/2018 1:43:21 PM,WB,,,55,31.3,18T084691,False,ITS Device Failure,,COLUMBIA RIVER,False,,00200D00,10/7/2018 1:44:16 PM,1,10/7/2018 1:44:16 PM,,,,2,,I-84,,Sunday
10/7/2018 12:27:32 PM,45.57935,-122.11921,,False,2C,10/7/2018 12:27:21 PM,WB,,,11,31.3,18T084666,False,ITS Device Failure,,COLUMBIA RIVER,False,,00200D00,10/7/2018 12:27:32 PM,1,10/7/2018 12:27:32 PM,,,,2,,I-84,,Sunday
10/7/2018 12:10:42 PM,45.57935,-122.11921,,False,2C,10/7/2018 12:10:21 PM,WB,,,22,31.3,18T084661,False,ITS Device Failure,,COLUMBIA RIVER,False,,00200D00,10/7/2018 12:10:43 PM,1,10/7/2018 12:10:43 PM,,,,2,,I-84,,Sunday
10/7/2018 11:54:34 AM,45.57935,-122.11921,,False,2C,10/7/2018 11:36:21 AM,WB,,,1093,31.3,18T084655,False,ITS Device Failure,,COLUMBIA RIVER,False,,00200D00,10/7/2018 11:54:34 AM,1,10/7/2018 11:54:34 AM,,,,2,,I-84,,Sunday
10/7/2018 10:33:12 AM,45.57935,-122.11921,,False,2C,10/7/2018 10:20:21 AM,WB,,,771,31.3,18T084635,False,ITS Device Failure,,COLUMBIA RIVER,False,,00200D00,10/7/2018 10:33:12 AM,1,10/7/2018 10:33:12 AM,,,,2,,I-84,,Sunday
10/7/2018 9:12:58 AM,45.57935,-122.11921,,False,2C,10/7/2018 9:12:21 AM,WB,,,37,31.3,18T084623,False,ITS Device Failure,,COLUMBIA RIVER,False,,00200D00,10/7/2018 9:12:58 AM,1,10/7/2018 9:12:58 AM,,,,2,,I-84,,Sunday
10/7/2018 8:21:21 AM,45.57935,-122.11921,,False,2C,10/7/2018 8:20:31 AM,WB,,,50,31.3,18T084607,False,ITS Device Failure,,COLUMBIA RIVER,False,,00200D00,10/7/2018 8:21:21 AM,1,10/7/2018 8:21:21 AM,,,,2,,I-84,,Sunday
9/30/2018 12:56:11 PM,45.57935,-122.11921,,False,2C,9/30/2018 12:52:29 PM,WB,,,222,31.3,18T082381,False,ITS Device Failure,,COLUMBIA RIVER,False,,00200D00,9/30/2018 12:56:11 PM,1,9/30/2018 12:56:11 PM,,,,2,,I-84,,Sunday
9/30/2018 11:58:25 AM,45.57935,-122.11921,,False,2C,9/30/2018 11:57:29 AM,WB,,,56,31.3,18T082363,False,ITS Device Failure,,COLUMBIA RIVER,False,,00200D00,9/30/2018 11:58:25 AM,1,9/30/2018 11:58:25 AM,,,,2,,I-84,,Sunday
9/16/2018 1:27:30 PM,45.57935,-122.11921,,False,2C,9/16/2018 1:26:29 PM,WB,,,61,31.3,18T078044,False,ITS Device Failure,,COLUMBIA RIVER,False,,00200D00,9/16/2018 1:27:30 PM,1,9/16/2018 1:27:30 PM,,,,2,,I-84,,Sunday
9/16/2018 11:59:28 AM,45.57935,-122.11921,,False,2C,9/16/2018 11:49:29 AM,WB,,,599,31.3,18T078013,False,ITS Device Failure,,COLUMBIA RIVER,False,,00200D00,9/16/2018 11:59:28 AM,1,9/16/2018 11:59:28 AM,,,,2,,I-84,,Sunday
9/9/2018 10:34:59 PM,45.57935,-122.11921,,False,2C,9/9/2018 10:34:28 PM,WB,,,31,31.3,18T076028,False,ITS Device Failure,,COLUMBIA RIVER,False,,00200D00,9/9/2018 10:34:59 PM,1,9/9/2018 10:34:59 PM,,,,2,,I-84,,Sunday
9/9/2018 8:27:46 PM,45.57935,-122.11921,,False,2C,9/9/2018 8:27:29 PM,WB,,,17,31.3,18T076012,False,ITS Device Failure,,COLUMBIA RIVER,False,,00200D00,9/9/2018 8:27:46 PM,1,9/9/2018 8:27:46 PM,,,,2,,I-84,,Sunday
9/9/2018 7:53:56 PM,45.57935,-122.11921,,False,2C,9/9/2018 7:53:30 PM,WB,,,26,31.3,18T076003,False,ITS Device Failure,,COLUMBIA RIVER,False,,00200D00,9/9/2018 7:53:56 PM,1,9/9/2018 7:53:56 PM,,,,2,,I-84,,Sunday
9/9/2018 5:29:55 PM,45.57935,-122.11921,,False,2C,9/9/2018 5:29:29 PM,WB,,,26,31.3,18T075984,False,ITS Device Failure,,COLUMBIA RIVER,False,,00200D00,9/9/2018 5:29:55 PM,1,9/9/2018 5:29:55 PM,,,,2,,I-84,,Sunday
9/9/2018 5:26:20 PM,45.57935,-122.11921,,False,2C,9/9/2018 5:21:29 PM,WB,,,291,31.3,18T075983,False,ITS Device Failure,,COLUMBIA RIVER,False,,00200D00,9/9/2018 5:26:20 PM,1,9/9/2018 5:26:20 PM,,,,2,,I-84,,Sunday
9/9/2018 5:16:36 PM,45.57935,-122.11921,,False,2C,9/9/2018 5:12:29 PM,WB,,,247,31.3,18T075980,False,ITS Device Failure,,COLUMBIA RIVER,False,,00200D00,9/9/2018 5:16:36 PM,1,9/9/2018 5:16:36 PM,,,,2,,I-84,,Sunday
9/9/2018 4:32:37 PM,45.57935,-122.11921,,False,2C,9/9/2018 4:29:29 PM,WB,,,188,31.3,18T075971,False,ITS Device Failure,,COLUMBIA RIVER,False,,00200D00,9/9/2018 4:32:37 PM,1,9/9/2018 4:32:37 PM,,,,2,,I-84,,Sunday
9/9/2018 5:17:31 PM,45.57935,-122.11921,,False,2C,9/9/2018 4:24:29 PM,WB,,,3182,31.3,18T075970,False,ITS Device Failure,,COLUMBIA RIVER,False,,00200D00,9/9/2018 5:17:31 PM,1,9/9/2018 5:17:31 PM,,,,2,,I-84,,Sunday
9/9/2018 3:05:07 PM,45.57935,-122.11921,,False,2C,9/9/2018 3:04:50 PM,WB,,,17,31.3,18T075948,False,ITS Device Failure,,COLUMBIA RIVER,False,,00200D00,9/9/2018 3:05:07 PM,1,9/9/2018 3:05:07 PM,,,,2,,I-84,,Sunday
9/9/2018 2:33:43 PM,45.57935,-122.11921,,False,2C,9/9/2018 2:32:29 PM,WB,,,74,31.3,18T075940,False,ITS Device Failure,,COLUMBIA RIVER,False,,00200D00,9/9/2018 2:33:43 PM,1,9/9/2018 2:33:43 PM,,,,2,,I-84,,Sunday
9/9/2018 2:28:51 PM,45.57935,-122.11921,,False,2C,9/9/2018 2:28:29 PM,WB,,,22,31.3,18T075938,False,ITS Device Failure,,COLUMBIA RIVER,False,,00200D00,9/9/2018 2:28:51 PM,1,9/9/2018 2:28:51 PM,,,,2,,I-84,,Sunday
9/9/2018 2:27:25 PM,45.57935,-122.11921,,False,2C,9/9/2018 2:26:29 PM,WB,,,56,31.3,18T075937,False,ITS Device Failure,,COLUMBIA RIVER,False,,00200D00,9/9/2018 2:27:25 PM,1,9/9/2018 2:27:25 PM,,,,2,,I-84,,Sunday
9/9/2018 2:08:42 PM,45.57935,-122.11921,,False,2C,9/9/2018 2:07:30 PM,WB,,,72,31.3,18T075928,False,ITS Device Failure,,COLUMBIA RIVER,False,,00200D00,9/9/2018 2:08:42 PM,1,9/9/2018 2:08:42 PM,,,,2,,I-84,,Sunday
9/9/2018 12:47:40 PM,45.57935,-122.11921,,False,2C,9/9/2018 12:32:29 PM,WB,,,911,31.3,18T075910,False,ITS Device Failure,,COLUMBIA RIVER,False,,00200D00,9/9/2018 12:47:40 PM,1,9/9/2018 12:47:40 PM,,,,2,,I-84,,Sunday
9/9/2018 12:20:41 PM,45.57935,-122.11921,,False,2C,9/9/2018 12:19:29 PM,WB,,,72,31.3,18T075907,False,ITS Device Failure,,COLUMBIA RIVER,False,,00200D00,9/9/2018 12:20:41 PM,1,9/9/2018 12:20:41 PM,,,,2,,I-84,,Sunday
9/9/2018 12:20:48 PM,45.57935,-122.11921,,False,2C,9/9/2018 11:53:31 AM,WB,,,1637,31.3,18T075903,False,ITS Device Failure,,COLUMBIA RIVER,False,,00200D00,9/9/2018 12:20:48 PM,1,9/9/2018 12:20:48 PM,,,,2,,I-84,,Sunday
8/12/2018 4:20:24 PM,45.57935,-122.11921,,False,2C,8/12/2018 4:18:42 PM,WB,,,102,31.3,18T067199,False,ITS Device Failure,,COLUMBIA RIVER,False,,00200D00,8/12/2018 4:20:24 PM,1,8/12/2018 4:20:24 PM,,,,2,,I-84,,Sunday
8/12/2018 3:57:29 PM,45.57935,-122.11921,,False,2C,8/12/2018 3:56:32 PM,WB,,,57,31.3,18T067192,False,ITS Device Failure,,COLUMBIA RIVER,False,,00200D00,8/12/2018 3:57:29 PM,1,8/12/2018 3:57:29 PM,,,,2,,I-84,,Sunday
8/12/2018 3:15:35 PM,45.57935,-122.11921,,False,2C,8/12/2018 3:13:32 PM,WB,,,123,31.3,18T067176,False,ITS Device Failure,,COLUMBIA RIVER,False,,00200D00,8/12/2018 3:15:35 PM,1,8/12/2018 3:15:35 PM,,,,2,,I-84,,Sunday
8/12/2018 1:43:30 PM,45.57935,-122.11921,,False,2C,8/12/2018 1:42:32 PM,WB,,,58,31.3,18T067148,False,ITS Device Failure,,COLUMBIA RIVER,False,,00200D00,8/12/2018 1:43:30 PM,1,8/12/2018 1:43:30 PM,,,,2,,I-84,,Sunday
8/12/2018 1:37:40 PM,45.57935,-122.11921,,False,2C,8/12/2018 1:36:32 PM,WB,,,68,31.3,18T067143,False,ITS Device Failure,,COLUMBIA RIVER,False,,00200D00,8/12/2018 1:37:40 PM,1,8/12/2018 1:37:40 PM,,,,2,,I-84,,Sunday
8/12/2018 1:05:58 PM,45.57935,-122.11921,,False,2C,8/12/2018 1:05:34 PM,WB,,,25,31.3,18T067129,False,ITS Device Failure,,COLUMBIA RIVER,False,,00200D00,8/12/2018 1:05:59 PM,1,8/12/2018 1:05:59 PM,,,,2,,I-84,,Sunday
8/12/2018 1:05:27 PM,45.57935,-122.11921,,False,2C,8/12/2018 1:04:56 PM,WB,,,31,31.3,18T067128,False,ITS Device Failure,,COLUMBIA RIVER,False,,00200D00,8/12/2018 1:05:27 PM,1,8/12/2018 1:05:27 PM,,,,2,,I-84,,Sunday
8/12/2018 1:04:38 PM,45.57935,-122.11921,,False,2C,8/12/2018 1:03:53 PM,WB,,,45,31.3,18T067126,False,ITS Device Failure,,COLUMBIA RIVER,False,,00200D00,8/12/2018 1:04:38 PM,1,8/12/2018 1:04:38 PM,,,,2,,I-84,,Sunday
8/12/2018 12:50:25 PM,45.57935,-122.11921,,False,2C,8/12/2018 12:46:35 PM,WB,,,230,31.3,18T067117,False,ITS Device Failure,,COLUMBIA RIVER,False,,00200D00,8/12/2018 12:50:25 PM,1,8/12/2018 12:50:25 PM,,,,2,,I-84,,Sunday
8/12/2018 12:08:02 PM,45.57935,-122.11921,,False,2C,8/12/2018 12:05:33 PM,WB,,,149,31.3,18T067101,False,ITS Device Failure,,COLUMBIA RIVER,False,,00200D00,8/12/2018 12:08:02 PM,1,8/12/2018 12:08:02 PM,,,,2,,I-84,,Sunday
8/12/2018 12:05:00 PM,45.57935,-122.11921,,False,2C,8/12/2018 12:04:32 PM,WB,,,28,31.3,18T067100,False,ITS Device Failure,,COLUMBIA RIVER,False,,00200D00,8/12/2018 12:05:00 PM,1,8/12/2018 12:05:00 PM,,,,2,,I-84,,Sunday
8/12/2018 12:04:47 PM,45.57935,-122.11921,,False,2C,8/12/2018 12:03:42 PM,WB,,,65,31.3,18T067099,False,ITS Device Failure,,COLUMBIA RIVER,False,,00200D00,8/12/2018 12:04:47 PM,1,8/12/2018 12:04:47 PM,,,,2,,I-84,,Sunday
8/12/2018 12:03:15 PM,45.57935,-122.11921,,False,2C,8/12/2018 12:01:33 PM,WB,,,102,31.3,18T067097,False,ITS Device Failure,,COLUMBIA RIVER,False,,00200D00,8/12/2018 12:03:15 PM,1,8/12/2018 12:03:15 PM,,,,2,,I-84,,Sunday
8/12/2018 12:03:08 PM,45.57935,-122.11921,,False,2C,8/12/2018 11:58:32 AM,WB,,,276,31.3,18T067096,False,ITS Device Failure,,COLUMBIA RIVER,False,,00200D00,8/12/2018 12:03:08 PM,1,8/12/2018 12:03:08 PM,,,,2,,I-84,,Sunday
8/5/2018 2:56:35 PM,45.57935,-122.11921,,False,2C,8/5/2018 2:55:32 PM,WB,,,63,31.3,18T064752,False,ITS Device Failure,,COLUMBIA RIVER,False,,00200D00,8/5/2018 2:56:35 PM,1,8/5/2018 2:56:35 PM,,,,2,,I-84,,Sunday
8/5/2018 12:20:31 PM,45.57935,-122.11921,,False,2C,8/5/2018 12:17:33 PM,WB,,,178,31.3,18T064699,False,ITS Device Failure,,COLUMBIA RIVER,False,,00200D00,8/5/2018 12:20:31 PM,1,8/5/2018 12:20:31 PM,,,,2,,I-84,,Sunday
8/5/2018 12:20:48 PM,45.57935,-122.11921,,False,2C,8/5/2018 12:16:33 PM,WB,,,256,31.3,18T064697,False,ITS Device Failure,,COLUMBIA RIVER,False,,00200D00,8/5/2018 12:20:49 PM,1,8/5/2018 12:20:49 PM,,,,2,,I-84,,Sunday
8/5/2018 12:21:32 PM,45.57935,-122.11921,,False,2C,8/5/2018 12:15:32 PM,WB,,,360,31.3,18T064696,False,ITS Device Failure,,COLUMBIA RIVER,False,,00200D00,8/5/2018 12:21:32 PM,1,8/5/2018 12:21:32 PM,,,,2,,I-84,,Sunday
8/5/2018 12:14:53 PM,45.57935,-122.11921,,False,2C,8/5/2018 12:14:33 PM,WB,,,20,31.3,18T064695,False,ITS Device Failure,,COLUMBIA RIVER,False,,00200D00,8/5/2018 12:14:53 PM,1,8/5/2018 12:14:53 PM,,,,2,,I-84,,Sunday
8/5/2018 12:14:05 PM,45.57935,-122.11921,,False,2C,8/5/2018 12:13:42 PM,WB,,,23,31.3,18T064694,False,ITS Device Failure,,COLUMBIA RIVER,False,,00200D00,8/5/2018 12:14:05 PM,1,8/5/2018 12:14:05 PM,,,,2,,I-84,,Sunday
8/5/2018 12:13:36 PM,45.57935,-122.11921,,False,2C,8/5/2018 12:12:33 PM,WB,,,63,31.3,18T064693,False,ITS Device Failure,,COLUMBIA RIVER,False,,00200D00,8/5/2018 12:13:36 PM,1,8/5/2018 12:13:36 PM,,,,2,,I-84,,Sunday
8/5/2018 12:13:04 PM,45.57935,-122.11921,,False,2C,8/5/2018 12:11:32 PM,WB,,,92,31.3,18T064691,False,ITS Device Failure,,COLUMBIA RIVER,False,,00200D00,8/5/2018 12:13:04 PM,1,8/5/2018 12:13:04 PM,,,,2,,I-84,,Sunday
8/5/2018 12:13:14 PM,45.57935,-122.11921,,False,2C,8/5/2018 12:10:32 PM,WB,,,162,31.3,18T064689,False,ITS Device Failure,,COLUMBIA RIVER,False,,00200D00,8/5/2018 12:13:14 PM,1,8/5/2018 12:13:14 PM,,,,2,,I-84,,Sunday
8/5/2018 12:12:35 PM,45.57935,-122.11921,,False,2C,8/5/2018 12:09:54 PM,WB,,,161,31.3,18T064688,False,ITS Device Failure,,COLUMBIA RIVER,False,,00200D00,8/5/2018 12:12:35 PM,1,8/5/2018 12:12:35 PM,,,,2,,I-84,,Sunday
8/5/2018 12:13:25 PM,45.57935,-122.11921,,False,2C,8/5/2018 12:08:33 PM,WB,,,292,31.3,18T064687,False,ITS Device Failure,,COLUMBIA RIVER,False,,00200D00,8/5/2018 12:13:25 PM,1,8/5/2018 12:13:25 PM,,,,2,,I-84,,Sunday
8/5/2018 12:14:21 PM,45.57935,-122.11921,,False,2C,8/5/2018 12:07:32 PM,WB,,,409,31.3,18T064685,False,ITS Device Failure,,COLUMBIA RIVER,False,,00200D00,8/5/2018 12:14:21 PM,1,8/5/2018 12:14:21 PM,,,,2,,I-84,,Sunday
8/5/2018 12:13:54 PM,45.57935,-122.11921,,False,2C,8/5/2018 12:06:32 PM,WB,,,442,31.3,18T064684,False,ITS Device Failure,,COLUMBIA RIVER,False,,00200D00,8/5/2018 12:13:54 PM,1,8/5/2018 12:13:54 PM,,,,2,,I-84,,Sunday
8/5/2018 12:08:26 PM,45.57935,-122.11921,,False,2C,8/5/2018 12:05:32 PM,WB,,,174,31.3,18T064683,False,ITS Device Failure,,COLUMBIA RIVER,False,,00200D00,8/5/2018 12:08:26 PM,1,8/5/2018 12:08:26 PM,,,,2,,I-84,,Sunday
8/5/2018 12:04:53 PM,45.57935,-122.11921,,False,2C,8/5/2018 12:04:32 PM,WB,,,21,31.3,18T064682,False,ITS Device Failure,,COLUMBIA RIVER,False,,00200D00,8/5/2018 12:04:53 PM,1,8/5/2018 12:04:53 PM,,,,2,,I-84,,Sunday
8/5/2018 12:03:41 PM,45.57935,-122.11921,,False,2C,8/5/2018 12:03:33 PM,WB,,,8,31.3,18T064681,False,ITS Device Failure,,COLUMBIA RIVER,False,,00200D00,8/5/2018 12:03:41 PM,1,8/5/2018 12:03:41 PM,,,,2,,I-84,,Sunday
8/5/2018 12:02:55 PM,45.57935,-122.11921,,False,2C,8/5/2018 12:02:33 PM,WB,,,22,31.3,18T064679,False,ITS Device Failure,,COLUMBIA RIVER,False,,00200D00,8/5/2018 12:02:55 PM,1,8/5/2018 12:02:55 PM,,,,2,,I-84,,Sunday
8/5/2018 12:01:57 PM,45.57935,-122.11921,,False,2C,8/5/2018 12:01:33 PM,WB,,,24,31.3,18T064677,False,ITS Device Failure,,COLUMBIA RIVER,False,,00200D00,8/5/2018 12:01:57 PM,1,8/5/2018 12:01:57 PM,,,,2,,I-84,,Sunday
8/5/2018 12:01:44 PM,45.57935,-122.11921,,False,2C,8/5/2018 12:00:41 PM,WB,,,63,31.3,18T064676,False,ITS Device Failure,,COLUMBIA RIVER,False,,00200D00,8/5/2018 12:01:44 PM,1,8/5/2018 12:01:44 PM,,,,2,,I-84,,Sunday
8/5/2018 12:01:52 PM,45.57935,-122.11921,,False,2C,8/5/2018 11:59:33 AM,WB,,,140,31.3,18T064675,False,ITS Device Failure,,COLUMBIA RIVER,False,,00200D00,8/5/2018 12:01:53 PM,1,8/5/2018 12:01:53 PM,,,,2,,I-84,,Sunday
8/5/2018 11:59:06 AM,45.57935,-122.11921,,False,2C,8/5/2018 11:58:32 AM,WB,,,34,31.3,18T064674,False,ITS Device Failure,,COLUMBIA RIVER,False,,00200D00,8/5/2018 11:59:06 AM,1,8/5/2018 11:59:06 AM,,,,2,,I-84,,Sunday
8/5/2018 11:58:55 AM,45.57935,-122.11921,,False,2C,8/5/2018 11:57:54 AM,WB,,,61,31.3,18T064673,False,ITS Device Failure,,COLUMBIA RIVER,False,,00200D00,8/5/2018 11:58:55 AM,1,8/5/2018 11:58:55 AM,,,,2,,I-84,,Sunday
8/5/2018 11:57:19 AM,45.57935,-122.11921,,False,2C,8/5/2018 11:56:32 AM,WB,,,47,31.3,18T064670,False,ITS Device Failure,,COLUMBIA RIVER,False,,00200D00,8/5/2018 11:57:19 AM,1,8/5/2018 11:57:19 AM,,,,2,,I-84,,Sunday
8/5/2018 11:55:46 AM,45.57935,-122.11921,,False,2C,8/5/2018 11:55:32 AM,WB,,,14,31.3,18T064669,False,ITS Device Failure,,COLUMBIA RIVER,False,,00200D00,8/5/2018 11:55:46 AM,1,8/5/2018 11:55:46 AM,,,,2,,I-84,,Sunday
8/5/2018 11:55:37 AM,45.57935,-122.11921,,False,2C,8/5/2018 11:54:32 AM,WB,,,65,31.3,18T064668,False,ITS Device Failure,,COLUMBIA RIVER,False,,00200D00,8/5/2018 11:55:37 AM,1,8/5/2018 11:55:37 AM,,,,2,,I-84,,Sunday
8/5/2018 11:54:35 AM,45.57935,-122.11921,,False,2C,8/5/2018 11:53:33 AM,WB,,,62,31.3,18T064667,False,ITS Device Failure,,COLUMBIA RIVER,False,,00200D00,8/5/2018 11:54:35 AM,1,8/5/2018 11:54:35 AM,,,,2,,I-84,,Sunday
8/5/2018 11:53:21 AM,45.57935,-122.11921,,False,2C,8/5/2018 11:52:32 AM,WB,,,49,31.3,18T064665,False,ITS Device Failure,,COLUMBIA RIVER,False,,00200D00,8/5/2018 11:53:21 AM,1,8/5/2018 11:53:21 AM,,,,2,,I-84,,Sunday
8/5/2018 11:53:12 AM,45.57935,-122.11921,,False,2C,8/5/2018 11:51:35 AM,WB,,,97,31.3,18T064664,False,ITS Device Failure,,COLUMBIA RIVER,False,,00200D00,8/5/2018 11:53:12 AM,1,8/5/2018 11:53:12 AM,,,,2,,I-84,,Sunday
8/5/2018 11:53:00 AM,45.57935,-122.11921,,False,2C,8/5/2018 11:50:33 AM,WB,,,147,31.3,18T064663,False,ITS Device Failure,,COLUMBIA RIVER,False,,00200D00,8/5/2018 11:53:00 AM,1,8/5/2018 11:53:00 AM,,,,2,,I-84,,Sunday
8/5/2018 11:49:40 AM,45.57935,-122.11921,,False,2C,8/5/2018 11:49:32 AM,WB,,,8,31.3,18T064662,False,ITS Device Failure,,COLUMBIA RIVER,False,,00200D00,8/5/2018 11:49:40 AM,1,8/5/2018 11:49:40 AM,,,,2,,I-84,,Sunday
8/5/2018 11:47:43 AM,45.57935,-122.11921,,False,2C,8/5/2018 11:47:34 AM,WB,,,9,31.3,18T064661,False,ITS Device Failure,,COLUMBIA RIVER,False,,00200D00,8/5/2018 11:47:43 AM,1,8/5/2018 11:47:43 AM,,,,2,,I-84,,Sunday
8/5/2018 11:47:30 AM,45.57935,-122.11921,,False,2C,8/5/2018 11:46:33 AM,WB,,,57,31.3,18T064660,False,ITS Device Failure,,COLUMBIA RIVER,False,,00200D00,8/5/2018 11:47:30 AM,1,8/5/2018 11:47:30 AM,,,,2,,I-84,,Sunday
8/5/2018 11:47:20 AM,45.57935,-122.11921,,False,2C,8/5/2018 11:45:33 AM,WB,,,107,31.3,18T064659,False,ITS Device Failure,,COLUMBIA RIVER,False,,00200D00,8/5/2018 11:47:20 AM,1,8/5/2018 11:47:20 AM,,,,2,,I-84,,Sunday
8/5/2018 11:45:02 AM,45.57935,-122.11921,,False,2C,8/5/2018 11:44:33 AM,WB,,,29,31.3,18T064658,False,ITS Device Failure,,COLUMBIA RIVER,False,,00200D00,8/5/2018 11:45:02 AM,1,8/5/2018 11:45:02 AM,,,,2,,I-84,,Sunday
8/5/2018 11:43:48 AM,45.57935,-122.11921,,False,2C,8/5/2018 11:43:33 AM,WB,,,15,31.3,18T064657,False,ITS Device Failure,,COLUMBIA RIVER,False,,00200D00,8/5/2018 11:43:48 AM,1,8/5/2018 11:43:48 AM,,,,2,,I-84,,Sunday
8/5/2018 11:42:40 AM,45.57935,-122.11921,,False,2C,8/5/2018 11:42:32 AM,WB,,,8,31.3,18T064656,False,ITS Device Failure,,COLUMBIA RIVER,False,,00200D00,8/5/2018 11:42:40 AM,1,8/5/2018 11:42:40 AM,,,,2,,I-84,,Sunday
8/5/2018 11:42:18 AM,45.57935,-122.11921,,False,2C,8/5/2018 11:41:33 AM,WB,,,45,31.3,18T064655,False,ITS Device Failure,,COLUMBIA RIVER,False,,00200D00,8/5/2018 11:42:18 AM,1,8/5/2018 11:42:18 AM,,,,2,,I-84,,Sunday
8/5/2018 11:40:41 AM,45.57935,-122.11921,,False,2C,8/5/2018 11:40:32 AM,WB,,,9,31.3,18T064653,False,ITS Device Failure,,COLUMBIA RIVER,False,,00200D00,8/5/2018 11:40:41 AM,1,8/5/2018 11:40:41 AM,,,,2,,I-84,,Sunday
8/5/2018 11:40:27 AM,45.57935,-122.11921,,False,2C,8/5/2018 11:39:42 AM,WB,,,45,31.3,18T064651,False,ITS Device Failure,,COLUMBIA RIVER,False,,00200D00,8/5/2018 11:40:27 AM,1,8/5/2018 11:40:27 AM,,,,2,,I-84,,Sunday
8/5/2018 11:39:13 AM,45.57935,-122.11921,,False,2C,8/5/2018 11:38:33 AM,WB,,,40,31.3,18T064650,False,ITS Device Failure,,COLUMBIA RIVER,False,,00200D00,8/5/2018 11:39:13 AM,1,8/5/2018 11:39:13 AM,,,,2,,I-84,,Sunday
8/5/2018 11:37:47 AM,45.57935,-122.11921,,False,2C,8/5/2018 11:37:35 AM,WB,,,12,31.3,18T064649,False,ITS Device Failure,,COLUMBIA RIVER,False,,00200D00,8/5/2018 11:37:47 AM,1,8/5/2018 11:37:47 AM,,,,2,,I-84,,Sunday
8/5/2018 11:37:05 AM,45.57935,-122.11921,,False,2C,8/5/2018 11:36:32 AM,WB,,,33,31.3,18T064648,False,ITS Device Failure,,COLUMBIA RIVER,False,,00200D00,8/5/2018 11:37:05 AM,1,8/5/2018 11:37:05 AM,,,,2,,I-84,,Sunday
8/5/2018 11:37:15 AM,45.57935,-122.11921,,False,2C,8/5/2018 11:35:33 AM,WB,,,102,31.3,18T064647,False,ITS Device Failure,,COLUMBIA RIVER,False,,00200D00,8/5/2018 11:37:15 AM,1,8/5/2018 11:37:15 AM,,,,2,,I-84,,Sunday
8/5/2018 11:36:56 AM,45.57935,-122.11921,,False,2C,8/5/2018 11:34:32 AM,WB,,,144,31.3,18T064646,False,ITS Device Failure,,COLUMBIA RIVER,False,,00200D00,8/5/2018 11:36:56 AM,1,8/5/2018 11:36:56 AM,,,,2,,I-84,,Sunday
8/5/2018 11:36:48 AM,45.57935,-122.11921,,False,2C,8/5/2018 11:33:32 AM,WB,,,196,31.3,18T064644,False,ITS Device Failure,,COLUMBIA RIVER,False,,00200D00,8/5/2018 11:36:48 AM,1,8/5/2018 11:36:48 AM,,,,2,,I-84,,Sunday
8/5/2018 11:33:11 AM,45.57935,-122.11921,,False,2C,8/5/2018 11:32:32 AM,WB,,,39,31.3,18T064642,False,ITS Device Failure,,COLUMBIA RIVER,False,,00200D00,8/5/2018 11:33:11 AM,1,8/5/2018 11:33:11 AM,,,,2,,I-84,,Sunday
8/5/2018 11:33:02 AM,45.57935,-122.11921,,False,2C,8/5/2018 11:31:32 AM,WB,,,90,31.3,18T064641,False,ITS Device Failure,,COLUMBIA RIVER,False,,00200D00,8/5/2018 11:33:02 AM,1,8/5/2018 11:33:02 AM,,,,2,,I-84,,Sunday
8/5/2018 11:30:47 AM,45.57935,-122.11921,,False,2C,8/5/2018 11:30:35 AM,WB,,,12,31.3,18T064640,False,ITS Device Failure,,COLUMBIA RIVER,False,,00200D00,8/5/2018 11:30:47 AM,1,8/5/2018 11:30:47 AM,,,,2,,I-84,,Sunday
8/5/2018 11:29:50 AM,45.57935,-122.11921,,False,2C,8/5/2018 11:29:32 AM,WB,,,18,31.3,18T064638,False,ITS Device Failure,,COLUMBIA RIVER,False,,00200D00,8/5/2018 11:29:50 AM,1,8/5/2018 11:29:50 AM,,,,2,,I-84,,Sunday
8/5/2018 11:28:54 AM,45.57935,-122.11921,,False,2C,8/5/2018 11:28:33 AM,WB,,,21,31.3,18T064637,False,ITS Device Failure,,COLUMBIA RIVER,False,,00200D00,8/5/2018 11:28:54 AM,1,8/5/2018 11:28:54 AM,,,,2,,I-84,,Sunday
8/5/2018 11:27:50 AM,45.57935,-122.11921,,False,2C,8/5/2018 11:27:32 AM,WB,,,18,31.3,18T064636,False,ITS Device Failure,,COLUMBIA RIVER,False,,00200D00,8/5/2018 11:27:50 AM,1,8/5/2018 11:27:50 AM,,,,2,,I-84,,Sunday
8/5/2018 11:26:44 AM,45.57935,-122.11921,,False,2C,8/5/2018 11:26:33 AM,WB,,,11,31.3,18T064635,False,ITS Device Failure,,COLUMBIA RIVER,False,,00200D00,8/5/2018 11:26:44 AM,1,8/5/2018 11:26:44 AM,,,,2,,I-84,,Sunday
8/5/2018 11:26:05 AM,45.57935,-122.11921,,False,2C,8/5/2018 11:25:32 AM,WB,,,33,31.3,18T064634,False,ITS Device Failure,,COLUMBIA RIVER,False,,00200D00,8/5/2018 11:26:05 AM,1,8/5/2018 11:26:05 AM,,,,2,,I-84,,Sunday
8/5/2018 11:25:49 AM,45.57935,-122.11921,,False,2C,8/5/2018 11:24:32 AM,WB,,,77,31.3,18T064633,False,ITS Device Failure,,COLUMBIA RIVER,False,,00200D00,8/5/2018 11:25:49 AM,1,8/5/2018 11:25:49 AM,,,,2,,I-84,,Sunday
8/5/2018 11:25:39 AM,45.57935,-122.11921,,False,2C,8/5/2018 11:23:53 AM,WB,,,106,31.3,18T064632,False,ITS Device Failure,,COLUMBIA RIVER,False,,00200D00,8/5/2018 11:25:39 AM,1,8/5/2018 11:25:39 AM,,,,2,,I-84,,Sunday
8/5/2018 11:24:02 AM,45.57935,-122.11921,,False,2C,8/5/2018 11:22:33 AM,WB,,,89,31.3,18T064631,False,ITS Device Failure,,COLUMBIA RIVER,False,,00200D00,8/5/2018 11:24:02 AM,1,8/5/2018 11:24:02 AM,,,,2,,I-84,,Sunday
8/5/2018 11:22:12 AM,45.57935,-122.11921,,False,2C,8/5/2018 11:21:32 AM,WB,,,40,31.3,18T064630,False,ITS Device Failure,,COLUMBIA RIVER,False,,00200D00,8/5/2018 11:22:12 AM,1,8/5/2018 11:22:12 AM,,,,2,,I-84,,Sunday
8/5/2018 11:22:01 AM,45.57935,-122.11921,,False,2C,8/5/2018 11:20:32 AM,WB,,,89,31.3,18T064627,False,ITS Device Failure,,COLUMBIA RIVER,False,,00200D00,8/5/2018 11:22:01 AM,1,8/5/2018 11:22:01 AM,,,,2,,I-84,,Sunday
8/5/2018 11:21:50 AM,45.57935,-122.11921,,False,2C,8/5/2018 11:19:33 AM,WB,,,137,31.3,18T064626,False,ITS Device Failure,,COLUMBIA RIVER,False,,00200D00,8/5/2018 11:21:50 AM,1,8/5/2018 11:21:50 AM,,,,2,,I-84,,Sunday
8/5/2018 11:21:40 AM,45.57935,-122.11921,,False,2C,8/5/2018 11:18:32 AM,WB,,,188,31.3,18T064625,False,ITS Device Failure,,COLUMBIA RIVER,False,,00200D00,8/5/2018 11:21:40 AM,1,8/5/2018 11:21:40 AM,,,,2,,I-84,,Sunday
8/5/2018 11:18:39 AM,45.57935,-122.11921,,False,2C,8/5/2018 11:17:33 AM,WB,,,67,31.3,18T064624,False,ITS Device Failure,,COLUMBIA RIVER,False,,00200D00,8/5/2018 11:18:40 AM,1,8/5/2018 11:18:40 AM,,,,2,,I-84,,Sunday
8/5/2018 11:19:11 AM,45.57935,-122.11921,,False,2C,8/5/2018 11:16:33 AM,WB,,,158,31.3,18T064622,False,ITS Device Failure,,COLUMBIA RIVER,False,,00200D00,8/5/2018 11:19:11 AM,1,8/5/2018 11:19:11 AM,,,,2,,I-84,,Sunday
8/5/2018 11:16:00 AM,45.57935,-122.11921,,False,2C,8/5/2018 11:15:32 AM,WB,,,28,31.3,18T064621,False,ITS Device Failure,,COLUMBIA RIVER,False,,00200D00,8/5/2018 11:16:00 AM,1,8/5/2018 11:16:00 AM,,,,2,,I-84,,Sunday
8/5/2018 11:16:09 AM,45.57935,-122.11921,,False,2C,8/5/2018 11:14:54 AM,WB,,,75,31.3,18T064620,False,ITS Device Failure,,COLUMBIA RIVER,False,,00200D00,8/5/2018 11:16:09 AM,1,8/5/2018 11:16:09 AM,,,,2,,I-84,,Sunday
8/5/2018 11:14:43 AM,45.57935,-122.11921,,False,2C,8/5/2018 11:13:32 AM,WB,,,71,31.3,18T064619,False,ITS Device Failure,,COLUMBIA RIVER,False,,00200D00,8/5/2018 11:14:43 AM,1,8/5/2018 11:14:43 AM,,,,2,,I-84,,Sunday
8/5/2018 11:14:54 AM,45.57935,-122.11921,,False,2C,8/5/2018 11:12:32 AM,WB,,,142,31.3,18T064617,False,ITS Device Failure,,COLUMBIA RIVER,False,,00200D00,8/5/2018 11:14:54 AM,1,8/5/2018 11:14:54 AM,,,,2,,I-84,,Sunday
8/5/2018 11:15:04 AM,45.57935,-122.11921,,False,2C,8/5/2018 11:11:32 AM,WB,,,212,31.3,18T064616,False,ITS Device Failure,,COLUMBIA RIVER,False,,00200D00,8/5/2018 11:15:04 AM,1,8/5/2018 11:15:04 AM,,,,2,,I-84,,Sunday
8/5/2018 11:15:15 AM,45.57935,-122.11921,,False,2C,8/5/2018 11:10:33 AM,WB,,,283,31.3,18T064615,False,ITS Device Failure,,COLUMBIA RIVER,False,,00200D00,8/5/2018 11:15:16 AM,1,8/5/2018 11:15:16 AM,,,,2,,I-84,,Sunday
8/5/2018 11:15:26 AM,45.57935,-122.11921,,False,2C,8/5/2018 11:09:32 AM,WB,,,354,31.3,18T064614,False,ITS Device Failure,,COLUMBIA RIVER,False,,00200D00,8/5/2018 11:15:26 AM,1,8/5/2018 11:15:26 AM,,,,2,,I-84,,Sunday
8/5/2018 11:15:39 AM,45.57935,-122.11921,,False,2C,8/5/2018 11:08:32 AM,WB,,,427,31.3,18T064613,False,ITS Device Failure,,COLUMBIA RIVER,False,,00200D00,8/5/2018 11:15:39 AM,1,8/5/2018 11:15:39 AM,,,,2,,I-84,,Sunday
8/5/2018 11:15:49 AM,45.57935,-122.11921,,False,2C,8/5/2018 11:07:32 AM,WB,,,497,31.3,18T064612,False,ITS Device Failure,,COLUMBIA RIVER,False,,00200D00,8/5/2018 11:15:49 AM,1,8/5/2018 11:15:49 AM,,,,2,,I-84,,Sunday
8/5/2018 11:16:18 AM,45.57935,-122.11921,,False,2C,8/5/2018 11:06:33 AM,WB,,,585,31.3,18T064611,False,ITS Device Failure,,COLUMBIA RIVER,False,,00200D00,8/5/2018 11:16:18 AM,1,8/5/2018 11:16:18 AM,,,,2,,I-84,,Sunday
8/5/2018 11:10:32 AM,45.57935,-122.11921,,False,2C,8/5/2018 11:05:41 AM,WB,,,291,31.3,18T064610,False,ITS Device Failure,,COLUMBIA RIVER,False,,00200D00,8/5/2018 11:10:32 AM,1,8/5/2018 11:10:32 AM,,,,2,,I-84,,Sunday
8/5/2018 11:10:59 AM,45.57935,-122.11921,,False,2C,8/5/2018 11:04:32 AM,WB,,,387,31.3,18T064609,False,ITS Device Failure,,COLUMBIA RIVER,False,,00200D00,8/5/2018 11:10:59 AM,1,8/5/2018 11:10:59 AM,,,,2,,I-84,,Sunday
8/5/2018 11:13:31 AM,45.57935,-122.11921,,False,2C,8/5/2018 11:03:32 AM,WB,,,599,31.3,18T064608,False,ITS Device Failure,,COLUMBIA RIVER,False,,00200D00,8/5/2018 11:13:31 AM,1,8/5/2018 11:13:31 AM,,,,2,,I-84,,Sunday
8/5/2018 11:16:37 AM,45.57935,-122.11921,,False,2C,8/5/2018 11:02:33 AM,WB,,,856,31.3,18T064607,False,ITS Device Failure,,COLUMBIA RIVER,False,,00200D00,8/5/2018 11:16:49 AM,1,8/5/2018 11:16:49 AM,,,,2,,I-84,,Sunday
8/5/2018 11:17:43 AM,45.57935,-122.11921,,False,2C,8/5/2018 11:01:34 AM,WB,,,969,31.3,18T064605,False,ITS Device Failure,,COLUMBIA RIVER,False,,00200D00,8/5/2018 11:17:43 AM,1,8/5/2018 11:17:43 AM,,,,2,,I-84,,Sunday
8/5/2018 11:17:59 AM,45.57935,-122.11921,,False,2C,8/5/2018 11:00:32 AM,WB,,,1047,31.3,18T064603,False,ITS Device Failure,,COLUMBIA RIVER,False,,00200D00,8/5/2018 11:17:59 AM,1,8/5/2018 11:17:59 AM,,,,2,,I-84,,Sunday
8/5/2018 11:04:48 AM,45.57935,-122.11921,,False,2C,8/5/2018 10:59:33 AM,WB,,,315,31.3,18T064600,False,ITS Device Failure,,COLUMBIA RIVER,False,,00200D00,8/5/2018 11:04:48 AM,1,8/5/2018 11:04:48 AM,,,,2,,I-84,,Sunday
8/5/2018 10:59:05 AM,45.57935,-122.11921,,False,2C,8/5/2018 10:58:45 AM,WB,,,20,31.3,18T064599,False,ITS Device Failure,,COLUMBIA RIVER,False,,00200D00,8/5/2018 10:59:05 AM,1,8/5/2018 10:59:05 AM,,,,2,,I-84,,Sunday
8/5/2018 10:58:03 AM,45.57935,-122.11921,,False,2C,8/5/2018 10:57:33 AM,WB,,,30,31.3,18T064598,False,ITS Device Failure,,COLUMBIA RIVER,False,,00200D00,8/5/2018 10:58:03 AM,1,8/5/2018 10:58:03 AM,,,,2,,I-84,,Sunday
8/5/2018 10:57:16 AM,45.57935,-122.11921,,False,2C,8/5/2018 10:56:36 AM,WB,,,40,31.3,18T064595,False,ITS Device Failure,,COLUMBIA RIVER,False,,00200D00,8/5/2018 10:57:16 AM,1,8/5/2018 10:57:16 AM,,,,2,,I-84,,Sunday
8/5/2018 10:57:33 AM,45.57935,-122.11921,,False,2C,8/5/2018 10:55:32 AM,WB,,,122,31.3,18T064594,False,ITS Device Failure,,COLUMBIA RIVER,False,,00200D00,8/5/2018 10:57:34 AM,1,8/5/2018 10:57:34 AM,,,,2,,I-84,,Sunday
8/5/2018 10:58:42 AM,45.57935,-122.11921,,False,2C,8/5/2018 10:54:32 AM,WB,,,250,31.3,18T064593,False,ITS Device Failure,,COLUMBIA RIVER,False,,00200D00,8/5/2018 10:58:42 AM,1,8/5/2018 10:58:42 AM,,,,2,,I-84,,Sunday
8/5/2018 10:14:06 AM,45.57935,-122.11921,,False,2C,8/5/2018 10:03:32 AM,WB,,,634,31.3,18T064581,False,ITS Device Failure,,COLUMBIA RIVER,False,,00200D00,8/5/2018 10:14:06 AM,1,8/5/2018 10:14:06 AM,,,,2,,I-84,,Sunday
8/5/2018 10:03:52 AM,45.57935,-122.11921,,False,2C,8/5/2018 9:49:33 AM,WB,,,859,31.3,18T064578,False,ITS Device Failure,,COLUMBIA RIVER,False,,00200D00,8/5/2018 10:03:52 AM,1,8/5/2018 10:03:52 AM,,,,2,,I-84,,Sunday
7/29/2018 5:18:16 PM,45.57935,-122.11921,,False,2C,7/29/2018 5:12:33 PM,WB,,,343,31.3,18T062264,False,ITS Device Failure,,COLUMBIA RIVER,False,,00200D00,7/29/2018 5:18:16 PM,1,7/29/2018 5:18:16 PM,,,,2,,I-84,,Sunday
7/29/2018 2:55:40 PM,45.57935,-122.11921,,False,2C,7/29/2018 2:49:32 PM,WB,,,368,31.3,18T062218,False,ITS Device Failure,,COLUMBIA RIVER,False,,00200D00,7/29/2018 2:55:40 PM,1,7/29/2018 2:55:40 PM,,,,2,,I-84,,Sunday
7/29/2018 1:10:08 PM,45.57935,-122.11921,,False,2C,7/29/2018 1:00:34 PM,WB,,,574,31.3,18T062181,False,ITS Device Failure,,COLUMBIA RIVER,False,,00200D00,7/29/2018 1:10:08 PM,1,7/29/2018 1:10:08 PM,,,,2,,I-84,,Sunday
7/29/2018 10:19:04 AM,45.57935,-122.11921,,False,2C,7/29/2018 9:52:25 AM,WB,,,1599,31.3,18T062135,False,ITS Device Failure,,COLUMBIA RIVER,False,,00200D00,7/29/2018 10:19:04 AM,1,7/29/2018 10:19:04 AM,,,,2,,I-84,,Sunday
7/22/2018 10:19:17 PM,45.57935,-122.11921,,False,2C,7/22/2018 10:18:32 PM,WB,,,46,31.3,18T059669,False,ITS Device Failure,,COLUMBIA RIVER,False,,00200D00,7/22/2018 10:19:18 PM,1,7/22/2018 10:19:18 PM,,,,2,,I-84,,Sunday
7/22/2018 9:20:57 PM,45.57935,-122.11921,,False,2C,7/22/2018 9:19:32 PM,WB,,,85,31.3,18T059660,False,ITS Device Failure,,COLUMBIA RIVER,False,,00200D00,7/22/2018 9:20:57 PM,1,7/22/2018 9:20:57 PM,,,,2,,I-84,,Sunday
7/22/2018 8:21:20 PM,45.57935,-122.11921,,False,2C,7/22/2018 8:20:33 PM,WB,,,47,31.3,18T059650,False,ITS Device Failure,,COLUMBIA RIVER,False,,00200D00,7/22/2018 8:21:20 PM,1,7/22/2018 8:21:20 PM,,,,2,,I-84,,Sunday
7/22/2018 5:35:15 PM,45.57935,-122.11921,,False,2C,7/22/2018 5:34:33 PM,WB,,,42,31.3,18T059621,False,ITS Device Failure,,COLUMBIA RIVER,False,,00200D00,7/22/2018 5:35:15 PM,1,7/22/2018 5:35:15 PM,,,,2,,I-84,,Sunday
7/22/2018 4:52:56 PM,45.57935,-122.11921,,False,2C,7/22/2018 4:52:32 PM,WB,,,24,31.3,18T059606,False,ITS Device Failure,,COLUMBIA RIVER,False,,00200D00,7/22/2018 4:52:56 PM,1,7/22/2018 4:52:56 PM,,,,2,,I-84,,Sunday
7/22/2018 3:39:07 PM,45.57935,-122.11921,,False,2C,7/22/2018 3:38:32 PM,WB,,,35,31.3,18T059584,False,ITS Device Failure,,COLUMBIA RIVER,False,,00200D00,7/22/2018 3:39:07 PM,1,7/22/2018 3:39:07 PM,,,,2,,I-84,,Sunday
7/22/2018 2:58:31 PM,45.57935,-122.11921,,False,2C,7/22/2018 2:55:32 PM,WB,,,179,31.3,18T059566,False,ITS Device Failure,,COLUMBIA RIVER,False,,00200D00,7/22/2018 2:58:31 PM,1,7/22/2018 2:58:31 PM,,,,2,,I-84,,Sunday
7/22/2018 2:42:50 PM,45.57935,-122.11921,,False,2C,7/22/2018 2:39:32 PM,WB,,,198,31.3,18T059559,False,ITS Device Failure,,COLUMBIA RIVER,False,,00200D00,7/22/2018 2:42:50 PM,1,7/22/2018 2:42:50 PM,,,,2,,I-84,,Sunday
7/22/2018 1:45:32 PM,45.57935,-122.11921,,False,2C,7/22/2018 1:43:32 PM,WB,,,120,31.3,18T059543,False,ITS Device Failure,,COLUMBIA RIVER,False,,00200D00,7/22/2018 1:45:32 PM,1,7/22/2018 1:45:32 PM,,,,2,,I-84,,Sunday
7/22/2018 11:00:58 AM,45.57935,-122.11921,,False,2C,7/22/2018 10:42:54 AM,WB,,,1084,31.3,18T059494,False,ITS Device Failure,,COLUMBIA RIVER,False,,00200D00,7/22/2018 11:00:58 AM,1,7/22/2018 11:00:58 AM,,,,2,,I-84,,Sunday
7/15/2018 3:27:03 PM,45.57935,-122.11921,,False,2C,7/15/2018 3:10:32 PM,WB,,,991,31.3,18T057181,False,ITS Device Failure,,COLUMBIA RIVER,False,,00200D00,7/15/2018 3:27:03 PM,1,7/15/2018 3:27:03 PM,,,,2,,I-84,,Sunday
7/15/2018 3:11:20 PM,45.57935,-122.11921,,False,2C,7/15/2018 3:07:32 PM,WB,,,228,31.3,18T057176,False,ITS Device Failure,,COLUMBIA RIVER,False,,00200D00,7/15/2018 3:11:20 PM,1,7/15/2018 3:11:20 PM,,,,2,,I-84,,Sunday
7/15/2018 2:38:07 PM,45.57935,-122.11921,,False,2C,7/15/2018 2:34:32 PM,WB,,,215,31.3,18T057166,False,ITS Device Failure,,COLUMBIA RIVER,False,,00200D00,7/15/2018 2:38:07 PM,1,7/15/2018 2:38:07 PM,,,,2,,I-84,,Sunday
7/15/2018 2:39:27 PM,45.57935,-122.11921,,False,2C,7/15/2018 2:08:32 PM,WB,,,1855,31.3,18T057158,False,ITS Device Failure,,COLUMBIA RIVER,False,,00200D00,7/15/2018 2:39:27 PM,1,7/15/2018 2:39:27 PM,,,,2,,I-84,,Sunday
7/15/2018 2:38:18 PM,45.57935,-122.11921,,False,2C,7/15/2018 1:49:32 PM,WB,,,2926,31.3,18T057148,False,ITS Device Failure,,COLUMBIA RIVER,False,,00200D00,7/15/2018 2:38:18 PM,1,7/15/2018 2:38:18 PM,,,,2,,I-84,,Sunday
7/15/2018 2:56:57 PM,45.57935,-122.11921,,False,2C,7/15/2018 1:20:32 PM,WB,,,5785,31.3,18T057136,False,ITS Device Failure,,COLUMBIA RIVER,False,,00200D00,7/15/2018 2:56:57 PM,1,7/15/2018 2:56:57 PM,,,,2,,I-84,,Sunday
7/15/2018 12:51:22 PM,45.57935,-122.11921,,False,2C,7/15/2018 12:50:32 PM,WB,,,50,31.3,18T057129,False,ITS Device Failure,,COLUMBIA RIVER,False,,00200D00,7/15/2018 12:51:22 PM,1,7/15/2018 12:51:22 PM,,,,2,,I-84,,Sunday
7/8/2018 4:26:26 PM,45.57935,-122.11921,,False,2C,7/8/2018 2:59:32 PM,WB,,,5214,31.3,18T054680,False,ITS Device Failure,,COLUMBIA RIVER,False,,00200D00,7/8/2018 4:26:26 PM,1,7/8/2018 4:26:26 PM,,,,2,,I-84,,Sunday
7/8/2018 1:51:53 PM,45.57935,-122.11921,,False,2C,7/8/2018 1:41:41 PM,WB,,,612,31.3,18T054659,False,ITS Device Failure,,COLUMBIA RIVER,False,,00200D00,7/8/2018 1:51:53 PM,1,7/8/2018 1:51:53 PM,,,,2,,I-84,,Sunday
7/8/2018 11:13:06 AM,45.57935,-122.11921,,False,2C,7/8/2018 11:12:31 AM,WB,,,35,31.3,18T054624,False,ITS Device Failure,,COLUMBIA RIVER,False,,00200D00,7/8/2018 11:13:06 AM,1,7/8/2018 11:13:06 AM,,,,2,,I-84,,Sunday
7/8/2018 11:07:13 AM,45.57935,-122.11921,,False,2C,7/8/2018 10:51:32 AM,WB,,,941,31.3,18T054613,False,ITS Device Failure,,COLUMBIA RIVER,False,,00200D00,7/8/2018 11:07:13 AM,1,7/8/2018 11:07:13 AM,,,,2,,I-84,,Sunday
7/8/2018 10:38:56 AM,45.57935,-122.11921,,False,2C,7/8/2018 10:35:31 AM,WB,,,205,31.3,18T054605,False,ITS Device Failure,,COLUMBIA RIVER,False,,00200D00,7/8/2018 10:38:56 AM,1,7/8/2018 10:38:56 AM,,,,2,,I-84,,Sunday
7/8/2018 10:08:32 AM,45.57935,-122.11921,,False,2C,7/8/2018 10:05:31 AM,WB,,,181,31.3,18T054597,False,ITS Device Failure,,COLUMBIA RIVER,False,,00200D00,7/8/2018 10:08:32 AM,1,7/8/2018 10:08:32 AM,,,,2,,I-84,,Sunday
7/8/2018 9:55:55 AM,45.57935,-122.11921,,False,2C,7/8/2018 9:54:32 AM,WB,,,83,31.3,18T054596,False,ITS Device Failure,,COLUMBIA RIVER,False,,00200D00,7/8/2018 9:55:55 AM,1,7/8/2018 9:55:55 AM,,,,2,,I-84,,Sunday
7/1/2018 4:09:12 PM,45.57935,-122.11921,,False,2C,7/1/2018 4:06:54 PM,WB,,,138,31.3,18T052506,False,ITS Device Failure,,COLUMBIA RIVER,False,,00200D00,7/1/2018 4:09:12 PM,1,7/1/2018 4:09:12 PM,,,,2,,I-84,,Sunday
7/1/2018 3:51:18 PM,45.57935,-122.11921,,False,2C,7/1/2018 3:43:53 PM,WB,,,445,31.3,18T052500,False,ITS Device Failure,,COLUMBIA RIVER,False,,00200D00,7/1/2018 3:51:18 PM,1,7/1/2018 3:51:18 PM,,,,2,,I-84,,Sunday
7/1/2018 3:28:35 PM,45.57935,-122.11921,,False,2C,7/1/2018 3:23:53 PM,WB,,,282,31.3,18T052491,False,ITS Device Failure,,COLUMBIA RIVER,False,,00200D00,7/1/2018 3:28:35 PM,1,7/1/2018 3:28:35 PM,,,,2,,I-84,,Sunday
7/1/2018 3:20:40 PM,45.57935,-122.11921,,False,2C,7/1/2018 3:19:02 PM,WB,,,98,31.3,18T052487,False,ITS Device Failure,,COLUMBIA RIVER,False,,00200D00,7/1/2018 3:20:40 PM,1,7/1/2018 3:20:40 PM,,,,2,,I-84,,Sunday
7/1/2018 2:38:36 PM,45.57935,-122.11921,,False,2C,7/1/2018 2:37:02 PM,WB,,,94,31.3,18T052466,False,ITS Device Failure,,COLUMBIA RIVER,False,,00200D00,7/1/2018 2:38:36 PM,1,7/1/2018 2:38:36 PM,,,,2,,I-84,,Sunday
7/1/2018 1:35:05 PM,45.57935,-122.11921,,False,2C,7/1/2018 1:34:53 PM,WB,,,12,31.3,18T052442,False,ITS Device Failure,,COLUMBIA RIVER,False,,00200D00,7/1/2018 1:35:05 PM,1,7/1/2018 1:35:05 PM,,,,2,,I-84,,Sunday
7/1/2018 1:31:48 PM,45.57935,-122.11921,,False,2C,7/1/2018 1:29:53 PM,WB,,,115,31.3,18T052438,False,ITS Device Failure,,COLUMBIA RIVER,False,,00200D00,7/1/2018 1:31:48 PM,1,7/1/2018 1:31:48 PM,,,,2,,I-84,,Sunday
7/1/2018 12:48:48 PM,45.57935,-122.11921,,False,2C,7/1/2018 12:41:53 PM,WB,,,415,31.3,18T052422,False,ITS Device Failure,,COLUMBIA RIVER,False,,00200D00,7/1/2018 12:48:48 PM,1,7/1/2018 12:48:48 PM,,,,2,,I-84,,Sunday
7/1/2018 12:22:12 PM,45.57935,-122.11921,,False,2C,7/1/2018 12:13:53 PM,WB,,,499,31.3,18T052416,False,ITS Device Failure,,COLUMBIA RIVER,False,,00200D00,7/1/2018 12:22:12 PM,1,7/1/2018 12:22:12 PM,,,,2,,I-84,,Sunday
7/1/2018 11:48:25 AM,45.57935,-122.11921,,False,2C,7/1/2018 11:27:56 AM,WB,,,1229,31.3,18T052399,False,ITS Device Failure,,COLUMBIA RIVER,False,,00200D00,7/1/2018 11:48:25 AM,1,7/1/2018 11:48:25 AM,,,,2,,I-84,,Sunday
7/1/2018 11:28:14 AM,45.57935,-122.11921,,False,2C,7/1/2018 11:05:53 AM,WB,,,1341,31.3,18T052395,False,ITS Device Failure,,COLUMBIA RIVER,False,,00200D00,7/1/2018 11:28:14 AM,1,7/1/2018 11:28:14 AM,,,,2,,I-84,,Sunday
7/1/2018 11:06:17 AM,45.57935,-122.11921,,False,2C,7/1/2018 10:26:53 AM,WB,,,2364,31.3,18T052386,False,ITS Device Failure,,COLUMBIA RIVER,False,,00200D00,7/1/2018 11:06:17 AM,1,7/1/2018 11:06:17 AM,,,,2,,I-84,,Sunday
7/1/2018 10:27:20 AM,45.57935,-122.11921,,False,2C,7/1/2018 10:13:53 AM,WB,,,807,31.3,18T052383,False,ITS Device Failure,,COLUMBIA RIVER,False,,00200D00,7/1/2018 10:27:20 AM,1,7/1/2018 10:27:20 AM,,,,2,,I-84,,Sunday
6/24/2018 2:27:49 PM,45.57935,-122.11921,,False,2C,6/24/2018 2:26:59 PM,WB,,,50,31.3,18T050164,False,ITS Device Failure,,COLUMBIA RIVER,False,,00200D00,6/24/2018 2:27:49 PM,1,6/24/2018 2:27:49 PM,,,,2,,I-84,,Sunday
6/24/2018 1:32:44 PM,45.57935,-122.11921,,False,2C,6/24/2018 1:32:00 PM,WB,,,44,31.3,18T050139,False,ITS Device Failure,,COLUMBIA RIVER,False,,00200D00,6/24/2018 1:32:44 PM,1,6/24/2018 1:32:44 PM,,,,2,,I-84,,Sunday
6/24/2018 12:55:58 PM,45.57935,-122.11921,,False,2C,6/24/2018 12:49:00 PM,WB,,,418,31.3,18T050124,False,ITS Device Failure,,COLUMBIA RIVER,False,,00200D00,6/24/2018 12:55:58 PM,1,6/24/2018 12:55:58 PM,,,,2,,I-84,,Sunday
6/24/2018 12:16:45 PM,45.57935,-122.11921,,False,2C,6/24/2018 11:57:59 AM,WB,,,1126,31.3,18T050104,False,ITS Device Failure,,COLUMBIA RIVER,False,,00200D00,6/24/2018 12:16:45 PM,1,6/24/2018 12:16:45 PM,,,,2,,I-84,,Sunday
6/24/2018 11:58:44 AM,45.57935,-122.11921,,False,2C,6/24/2018 11:45:08 AM,WB,,,816,31.3,18T050101,False,ITS Device Failure,,COLUMBIA RIVER,False,,00200D00,6/24/2018 11:58:44 AM,1,6/24/2018 11:58:44 AM,,,,2,,I-84,,Sunday
6/17/2018 10:29:51 AM,45.57935,-122.11921,,False,2C,6/17/2018 10:14:52 AM,WB,,,899,31.3,18T047903,False,ITS Device Failure,,COLUMBIA RIVER,False,,00200D00,6/17/2018 10:29:51 AM,1,6/17/2018 10:29:51 AM,,,,2,,I-84,,Sunday
6/10/2018 10:25:09 PM,45.57935,-122.11921,,False,2C,6/10/2018 10:23:42 PM,WB,,,87,31.3,18T045936,False,ITS Device Failure,,COLUMBIA RIVER,False,,00200D00,6/10/2018 10:25:09 PM,1,6/10/2018 10:25:09 PM,,,,2,,I-84,,Sunday
6/10/2018 9:38:26 PM,45.57935,-122.11921,,False,2C,6/10/2018 9:35:41 PM,WB,,,165,31.3,18T045925,False,ITS Device Failure,,COLUMBIA RIVER,False,,00200D00,6/10/2018 9:38:26 PM,1,6/10/2018 9:38:26 PM,,,,2,,I-84,,Sunday
6/10/2018 9:39:08 PM,45.57935,-122.11921,,False,2C,6/10/2018 9:28:42 PM,WB,,,626,31.3,18T045923,False,ITS Device Failure,,COLUMBIA RIVER,False,,00200D00,6/10/2018 9:39:08 PM,1,6/10/2018 9:39:08 PM,,,,2,,I-84,,Sunday
6/10/2018 7:28:18 PM,45.57935,-122.11921,,False,2C,6/10/2018 7:24:42 PM,WB,,,216,31.3,18T045907,False,ITS Device Failure,,COLUMBIA RIVER,False,,00200D00,6/10/2018 7:28:18 PM,1,6/10/2018 7:28:18 PM,,,,2,,I-84,,Sunday
6/10/2018 7:28:28 PM,45.57935,-122.11921,,False,2C,6/10/2018 7:14:41 PM,WB,,,827,31.3,18T045905,False,ITS Device Failure,,COLUMBIA RIVER,False,,00200D00,6/10/2018 7:28:28 PM,1,6/10/2018 7:28:28 PM,,,,2,,I-84,,Sunday
6/10/2018 7:08:39 PM,45.57935,-122.11921,,False,2C,6/10/2018 7:05:41 PM,WB,,,178,31.3,18T045900,False,ITS Device Failure,,COLUMBIA RIVER,False,,00200D00,6/10/2018 7:08:39 PM,1,6/10/2018 7:08:39 PM,,,,2,,I-84,,Sunday
6/10/2018 5:45:20 PM,45.57935,-122.11921,,False,2C,6/10/2018 5:34:41 PM,WB,,,639,31.3,18T045882,False,ITS Device Failure,,COLUMBIA RIVER,False,,00200D00,6/10/2018 5:45:20 PM,1,6/10/2018 5:45:20 PM,,,,2,,I-84,,Sunday
6/10/2018 5:27:31 PM,45.57935,-122.11921,,False,2C,6/10/2018 5:25:42 PM,WB,,,109,31.3,18T045880,False,ITS Device Failure,,COLUMBIA RIVER,False,,00200D00,6/10/2018 5:27:31 PM,1,6/10/2018 5:27:31 PM,,,,2,,I-84,,Sunday
6/10/2018 4:03:04 PM,45.57935,-122.11921,,False,2C,6/10/2018 4:01:42 PM,WB,,,82,31.3,18T045856,False,ITS Device Failure,,COLUMBIA RIVER,False,,00200D00,6/10/2018 4:03:04 PM,1,6/10/2018 4:03:04 PM,,,,2,,I-84,,Sunday
6/10/2018 3:29:25 PM,45.57935,-122.11921,,False,2C,6/10/2018 3:14:41 PM,WB,,,884,31.3,18T045849,False,ITS Device Failure,,COLUMBIA RIVER,False,,00200D00,6/10/2018 3:29:25 PM,1,6/10/2018 3:29:25 PM,,,,2,,I-84,,Sunday
6/10/2018 1:03:19 PM,45.57935,-122.11921,,False,2C,6/10/2018 12:57:42 PM,WB,,,337,31.3,18T045808,False,ITS Device Failure,,COLUMBIA RIVER,False,,00200D00,6/10/2018 1:03:19 PM,1,6/10/2018 1:03:19 PM,,,,2,,I-84,,Sunday
6/10/2018 11:44:15 AM,45.57935,-122.11921,,False,2C,6/10/2018 11:36:42 AM,WB,,,453,31.3,18T045780,False,ITS Device Failure,,COLUMBIA RIVER,False,,00200D00,6/10/2018 11:44:15 AM,1,6/10/2018 11:44:15 AM,,,,2,,I-84,,Sunday
6/10/2018 11:34:30 AM,45.57935,-122.11921,,False,2C,6/10/2018 11:33:42 AM,WB,,,48,31.3,18T045778,False,ITS Device Failure,,COLUMBIA RIVER,False,,00200D00,6/10/2018 11:34:30 AM,1,6/10/2018 11:34:30 AM,,,,2,,I-84,,Sunday
5/27/2018 5:33:54 PM,45.57935,-122.11921,,False,2C,5/27/2018 5:33:34 PM,WB,,,20,31.3,18T041787,False,ITS Device Failure,,COLUMBIA RIVER,False,,00200D00,5/27/2018 5:33:54 PM,1,5/27/2018 5:33:54 PM,,,,2,,I-84,,Sunday
5/27/2018 5:31:48 PM,45.57935,-122.11921,,False,2C,5/27/2018 5:31:34 PM,WB,,,14,31.3,18T041785,False,ITS Device Failure,,COLUMBIA RIVER,False,,00200D00,5/27/2018 5:31:48 PM,1,5/27/2018 5:31:48 PM,,,,2,,I-84,,Sunday
5/27/2018 2:26:29 PM,45.57935,-122.11921,,False,2C,5/27/2018 2:17:55 PM,WB,,,515,31.3,18T041743,False,ITS Device Failure,,COLUMBIA RIVER,False,,00200D00,5/27/2018 2:26:30 PM,1,5/27/2018 2:26:30 PM,,,,2,,I-84,,Sunday
5/27/2018 1:39:38 PM,45.57935,-122.11921,,False,2C,5/27/2018 1:35:34 PM,WB,,,244,31.3,18T041729,False,ITS Device Failure,,COLUMBIA RIVER,False,,00200D00,5/27/2018 1:39:38 PM,1,5/27/2018 1:39:38 PM,,,,2,,I-84,,Sunday
5/27/2018 1:42:59 PM,45.57935,-122.11921,,False,2C,5/27/2018 1:16:37 PM,WB,,,1582,31.3,18T041722,False,ITS Device Failure,,COLUMBIA RIVER,False,,00200D00,5/27/2018 1:42:59 PM,1,5/27/2018 1:42:59 PM,,,,2,,I-84,,Sunday
5/27/2018 1:06:18 PM,45.57935,-122.11921,,False,2C,5/27/2018 1:03:35 PM,WB,,,163,31.3,18T041716,False,ITS Device Failure,,COLUMBIA RIVER,False,,00200D00,5/27/2018 1:06:18 PM,1,5/27/2018 1:06:18 PM,,,,2,,I-84,,Sunday
5/27/2018 12:44:00 PM,45.57935,-122.11921,,False,2C,5/27/2018 12:42:36 PM,WB,,,84,31.3,18T041703,False,ITS Device Failure,,COLUMBIA RIVER,False,,00200D00,5/27/2018 12:44:00 PM,1,5/27/2018 12:44:00 PM,,,,2,,I-84,,Sunday
5/27/2018 12:25:57 PM,45.57935,-122.11921,,False,2C,5/27/2018 12:23:35 PM,WB,,,142,31.3,18T041693,False,ITS Device Failure,,COLUMBIA RIVER,False,,00200D00,5/27/2018 12:25:57 PM,1,5/27/2018 12:25:57 PM,,,,2,,I-84,,Sunday
5/27/2018 12:05:29 PM,45.57935,-122.11921,,False,2C,5/27/2018 12:04:34 PM,WB,,,55,31.3,18T041692,False,ITS Device Failure,,COLUMBIA RIVER,False,,00200D00,5/27/2018 12:05:29 PM,1,5/27/2018 12:05:29 PM,,,,2,,I-84,,Sunday
5/27/2018 11:53:21 AM,45.57935,-122.11921,,False,2C,5/27/2018 11:47:34 AM,WB,,,347,31.3,18T041685,False,ITS Device Failure,,COLUMBIA RIVER,False,,00200D00,5/27/2018 11:53:21 AM,1,5/27/2018 11:53:21 AM,,,,2,,I-84,,Sunday
5/27/2018 11:55:22 AM,45.57935,-122.11921,,False,2C,5/27/2018 11:36:55 AM,WB,,,1107,31.3,18T041682,False,ITS Device Failure,,COLUMBIA RIVER,False,,00200D00,5/27/2018 11:55:22 AM,1,5/27/2018 11:55:22 AM,,,,2,,I-84,,Sunday
5/27/2018 11:38:41 AM,45.57935,-122.11921,,False,2C,5/27/2018 11:22:35 AM,WB,,,967,31.3,18T041678,False,ITS Device Failure,,COLUMBIA RIVER,False,,00200D00,5/27/2018 11:38:42 AM,1,5/27/2018 11:38:42 AM,,,,2,,I-84,,Sunday
5/27/2018 11:08:30 AM,45.57935,-122.11921,,False,2C,5/27/2018 11:02:37 AM,WB,,,353,31.3,18T041673,False,ITS Device Failure,,COLUMBIA RIVER,False,,00200D00,5/27/2018 11:08:30 AM,1,5/27/2018 11:08:30 AM,,,,2,,I-84,,Sunday
5/27/2018 11:08:35 AM,45.57935,-122.11921,,False,2C,5/27/2018 10:44:43 AM,WB,,,1432,31.3,18T041669,False,ITS Device Failure,,COLUMBIA RIVER,False,,00200D00,5/27/2018 11:08:35 AM,1,5/27/2018 11:08:35 AM,,,,2,,I-84,,Sunday
5/27/2018 10:38:08 AM,45.57935,-122.11921,,False,2C,5/27/2018 10:25:35 AM,WB,,,753,31.3,18T041664,False,ITS Device Failure,,COLUMBIA RIVER,False,,00200D00,5/27/2018 10:38:08 AM,1,5/27/2018 10:38:08 AM,,,,2,,I-84,,Sunday
5/20/2018 11:55:35 AM,45.57935,-122.11921,,False,2C,5/20/2018 11:52:14 AM,WB,,,201,31.3,18T039527,False,ITS Device Failure,,COLUMBIA RIVER,False,,00200D00,5/20/2018 11:55:35 AM,1,5/20/2018 11:55:35 AM,,,,2,,I-84,,Sunday
5/13/2018 3:39:11 PM,45.57935,-122.11921,,False,2C,5/13/2018 3:38:14 PM,WB,,,57,31.3,18T037543,False,ITS Device Failure,,COLUMBIA RIVER,False,,00200D00,5/13/2018 3:39:11 PM,1,5/13/2018 3:39:11 PM,,,,2,,I-84,,Sunday
5/13/2018 12:20:04 PM,45.57935,-122.11921,,False,2C,5/13/2018 12:17:14 PM,WB,,,170,31.3,18T037499,False,ITS Device Failure,,COLUMBIA RIVER,False,,00200D00,5/13/2018 12:20:04 PM,1,5/13/2018 12:20:04 PM,,,,2,,I-84,,Sunday
5/13/2018 11:58:35 AM,45.57935,-122.11921,,False,2C,5/13/2018 11:51:14 AM,WB,,,441,31.3,18T037492,False,ITS Device Failure,,COLUMBIA RIVER,False,,00200D00,5/13/2018 11:58:35 AM,1,5/13/2018 11:58:35 AM,,,,2,,I-84,,Sunday
5/13/2018 11:22:48 AM,45.57935,-122.11921,,False,2C,5/13/2018 10:59:14 AM,WB,,,1414,31.3,18T037480,False,ITS Device Failure,,COLUMBIA RIVER,False,,00200D00,5/13/2018 11:22:48 AM,1,5/13/2018 11:22:48 AM,,,,2,,I-84,,Sunday
4/22/2018 10:59:43 AM,45.57935,-122.11921,,False,2C,4/22/2018 10:50:18 AM,WB,,,564,31.3,18T031931,False,ITS Device Failure,,COLUMBIA RIVER,False,,00200D00,4/22/2018 10:59:42 AM,1,4/22/2018 10:59:42 AM,,,,2,,I-84,,Sunday
4/1/2018 12:59:33 PM,45.57935,-122.11921,,False,2C,4/1/2018 12:59:17 PM,WB,,,16,31.3,18T026125,False,ITS Device Failure,,COLUMBIA RIVER,False,,00200D00,4/1/2018 12:59:33 PM,1,4/1/2018 12:59:33 PM,,,,2,,I-84,,Sunday
4/1/2018 12:48:41 PM,45.57935,-122.11921,,False,2C,4/1/2018 12:47:22 PM,WB,,,79,31.3,18T026116,False,ITS Device Failure,,COLUMBIA RIVER,False,,00200D00,4/1/2018 12:48:41 PM,1,4/1/2018 12:48:41 PM,,,,2,,I-84,,Sunday
9/9/2018 3:23:59 PM,45.57935,-122.11921,,False,2C,9/9/2018 1:49:29 PM,WB,,,5670,31.3,18T075922,False,Crash,,COLUMBIA RIVER,False,,00200D00,9/9/2018 3:23:59 PM,1,9/9/2018 3:23:59 PM,,,,2,,I-84,,Sunday
8/5/2018 1:21:34 PM,45.57935,-122.11921,,False,2C,8/5/2018 10:53:34 AM,WB,,,8880,31.3,18T064592,False,Crash,,COLUMBIA RIVER,False,,00200D00,8/5/2018 1:21:34 PM,1,8/5/2018 1:21:34 PM,,,,2,,I-84,,Sunday
7/22/2018 3:42:11 PM,45.57935,-122.11921,,False,2C,7/22/2018 12:15:33 PM,WB,,,12398,31.3,18T059524,False,Crash,,COLUMBIA RIVER,False,,00200D00,7/22/2018 3:42:11 PM,1,7/22/2018 3:42:11 PM,,,,2,,I-84,,Sunday
7/22/2018 11:49:42 AM,45.57935,-122.11921,,False,2C,7/22/2018 11:46:33 AM,WB,,,189,31.3,18T059517,False,Crash,,COLUMBIA RIVER,False,,00200D00,7/22/2018 11:49:42 AM,1,7/22/2018 11:49:42 AM,,,,2,,I-84,,Sunday
6/17/2018 11:27:37 AM,45.57935,-122.11921,,False,2C,6/17/2018 11:20:12 AM,WB,,,445,31.3,18T047915,False,Crash,,COLUMBIA RIVER,False,,00200D00,6/17/2018 11:27:37 AM,1,6/17/2018 11:27:37 AM,,,,2,,I-84,,Sunday
11/24/2018 1:21:44 PM,45.57935,-122.11921,,False,2C,11/24/2018 1:20:30 PM,WB,,,74,31.3,18T100500,False,ITS Device Failure,,COLUMBIA RIVER,False,,00200D00,11/24/2018 1:21:44 PM,1,11/24/2018 1:21:44 PM,,,,2,,I-84,,Saturday
11/10/2018 11:57:46 AM,45.57935,-122.11921,,False,2C,11/10/2018 11:57:30 AM,WB,,,16,31.3,18T095894,False,ITS Device Failure,,COLUMBIA RIVER,False,,00200D00,11/10/2018 11:57:46 AM,1,11/10/2018 11:57:46 AM,,,,2,,I-84,,Saturday
11/10/2018 11:55:59 AM,45.57935,-122.11921,,False,2C,11/10/2018 11:55:31 AM,WB,,,28,31.3,18T095892,False,ITS Device Failure,,COLUMBIA RIVER,False,,00200D00,11/10/2018 11:55:59 AM,1,11/10/2018 11:55:59 AM,,,,2,,I-84,,Saturday
10/27/2018 2:46:25 PM,45.57935,-122.11921,,False,2C,10/27/2018 2:43:34 PM,WB,,,171,31.3,18T091096,False,ITS Device Failure,,COLUMBIA RIVER,False,,00200D00,10/27/2018 2:46:25 PM,1,10/27/2018 2:46:25 PM,,,,2,,I-84,,Saturday
10/20/2018 10:54:04 AM,45.57935,-122.11921,,False,2C,10/20/2018 10:52:28 AM,WB,,,96,31.3,18T088725,False,ITS Device Failure,,COLUMBIA RIVER,False,,00200D00,10/20/2018 10:54:04 AM,1,10/20/2018 10:54:04 AM,,,,2,,I-84,,Saturday
10/6/2018 3:35:34 PM,45.57935,-122.11921,,False,2C,10/6/2018 3:35:21 PM,WB,,,13,31.3,18T084488,False,ITS Device Failure,,COLUMBIA RIVER,False,,00200D00,10/6/2018 3:35:34 PM,1,10/6/2018 3:35:34 PM,,,,2,,I-84,,Saturday
10/6/2018 3:29:58 PM,45.57935,-122.11921,,False,2C,10/6/2018 3:29:21 PM,WB,,,37,31.3,18T084483,False,ITS Device Failure,,COLUMBIA RIVER,False,,00200D00,10/6/2018 3:29:58 PM,1,10/6/2018 3:29:58 PM,,,,2,,I-84,,Saturday
10/6/2018 3:24:31 PM,45.57935,-122.11921,,False,2C,10/6/2018 3:24:21 PM,WB,,,10,31.3,18T084481,False,ITS Device Failure,,COLUMBIA RIVER,False,,00200D00,10/6/2018 3:24:31 PM,1,10/6/2018 3:24:31 PM,,,,2,,I-84,,Saturday
10/6/2018 3:18:44 PM,45.57935,-122.11921,,False,2C,10/6/2018 3:18:24 PM,WB,,,20,31.3,18T084479,False,ITS Device Failure,,COLUMBIA RIVER,False,,00200D00,10/6/2018 3:18:44 PM,1,10/6/2018 3:18:44 PM,,,,2,,I-84,,Saturday
10/6/2018 3:13:21 PM,45.57935,-122.11921,,False,2C,10/6/2018 3:06:22 PM,WB,,,419,31.3,18T084476,False,ITS Device Failure,,COLUMBIA RIVER,False,,00200D00,10/6/2018 3:13:21 PM,1,10/6/2018 3:13:21 PM,,,,2,,I-84,,Saturday
10/6/2018 1:34:43 PM,45.57935,-122.11921,,False,2C,10/6/2018 1:05:21 PM,WB,,,1762,31.3,18T084442,False,ITS Device Failure,,COLUMBIA RIVER,False,,00200D00,10/6/2018 1:34:43 PM,1,10/6/2018 1:34:43 PM,,,,2,,I-84,,Saturday
10/6/2018 11:19:20 AM,45.57935,-122.11921,,False,2C,10/6/2018 10:53:22 AM,WB,,,1558,31.3,18T084409,False,ITS Device Failure,,COLUMBIA RIVER,False,,00200D00,10/6/2018 11:19:20 AM,1,10/6/2018 11:19:20 AM,,,,2,,I-84,,Saturday
9/29/2018 1:24:51 PM,45.57935,-122.11921,,False,2C,9/29/2018 1:11:30 PM,WB,,,801,31.3,18T082176,False,ITS Device Failure,,COLUMBIA RIVER,False,,00200D00,9/29/2018 1:24:51 PM,1,9/29/2018 1:24:51 PM,,,,2,,I-84,,Saturday
9/15/2018 3:32:26 PM,45.57935,-122.11921,,False,2C,9/15/2018 3:28:29 PM,WB,,,237,31.3,18T077829,False,ITS Device Failure,,COLUMBIA RIVER,False,,00200D00,9/15/2018 3:32:26 PM,1,9/15/2018 3:32:26 PM,,,,2,,I-84,,Saturday
9/15/2018 12:08:06 PM,45.57935,-122.11921,,False,2C,9/15/2018 12:07:29 PM,WB,,,37,31.3,18T077760,False,ITS Device Failure,,COLUMBIA RIVER,False,,00200D00,9/15/2018 12:08:06 PM,1,9/15/2018 12:08:06 PM,,,,2,,I-84,,Saturday
8/25/2018 4:25:52 PM,45.57935,-122.11921,,False,2C,8/25/2018 4:15:34 PM,WB,,,618,31.3,18T071340,False,ITS Device Failure,,COLUMBIA RIVER,False,,00200D00,8/25/2018 4:25:52 PM,1,8/25/2018 4:25:52 PM,,,,2,,I-84,,Saturday
8/25/2018 12:54:50 PM,45.57935,-122.11921,,False,2C,8/25/2018 12:53:35 PM,WB,,,75,31.3,18T071292,False,ITS Device Failure,,COLUMBIA RIVER,False,,00200D00,8/25/2018 12:54:50 PM,1,8/25/2018 12:54:50 PM,,,,2,,I-84,,Saturday
8/11/2018 4:13:51 PM,45.57935,-122.11921,,False,2C,8/11/2018 3:53:33 PM,WB,,,1218,31.3,18T066922,False,ITS Device Failure,,COLUMBIA RIVER,False,,00200D00,8/11/2018 4:13:51 PM,1,8/11/2018 4:13:51 PM,,,,2,,I-84,,Saturday
8/11/2018 11:45:16 AM,45.57935,-122.11921,,False,2C,8/11/2018 11:34:33 AM,WB,,,643,31.3,18T066856,False,ITS Device Failure,,COLUMBIA RIVER,False,,00200D00,8/11/2018 11:45:16 AM,1,8/11/2018 11:45:16 AM,,,,2,,I-84,,Saturday
8/11/2018 11:05:57 AM,45.57935,-122.11921,,False,2C,8/11/2018 10:59:32 AM,WB,,,385,31.3,18T066845,False,ITS Device Failure,,COLUMBIA RIVER,False,,00200D00,8/11/2018 11:05:57 AM,1,8/11/2018 11:05:57 AM,,,,2,,I-84,,Saturday
8/11/2018 11:00:01 AM,45.57935,-122.11921,,False,2C,8/11/2018 10:44:33 AM,WB,,,928,31.3,18T066839,False,ITS Device Failure,,COLUMBIA RIVER,False,,00200D00,8/11/2018 11:00:01 AM,1,8/11/2018 11:00:01 AM,,,,2,,I-84,,Saturday
8/4/2018 5:58:24 PM,45.57935,-122.11921,,False,2C,8/4/2018 4:56:32 PM,WB,,,3712,31.3,18T064448,False,ITS Device Failure,,COLUMBIA RIVER,False,,00200D00,8/4/2018 5:58:24 PM,1,8/4/2018 5:58:24 PM,,,,2,,I-84,,Saturday
8/4/2018 4:57:28 PM,45.57935,-122.11921,,False,2C,8/4/2018 4:32:41 PM,WB,,,1487,31.3,18T064438,False,ITS Device Failure,,COLUMBIA RIVER,False,,00200D00,8/4/2018 4:57:28 PM,1,8/4/2018 4:57:28 PM,,,,2,,I-84,,Saturday
8/4/2018 3:37:47 PM,45.57935,-122.11921,,False,2C,8/4/2018 3:34:42 PM,WB,,,185,31.3,18T064420,False,ITS Device Failure,,COLUMBIA RIVER,False,,00200D00,8/4/2018 3:37:47 PM,1,8/4/2018 3:37:47 PM,,,,2,,I-84,,Saturday
8/4/2018 3:46:40 PM,45.57935,-122.11921,,False,2C,8/4/2018 3:33:35 PM,WB,,,786,31.3,18T064419,False,ITS Device Failure,,COLUMBIA RIVER,False,,00200D00,8/4/2018 3:46:41 PM,1,8/4/2018 3:46:41 PM,,,,2,,I-84,,Saturday
8/4/2018 3:37:24 PM,45.57935,-122.11921,,False,2C,8/4/2018 3:11:32 PM,WB,,,1552,31.3,18T064406,False,ITS Device Failure,,COLUMBIA RIVER,False,,00200D00,8/4/2018 3:37:24 PM,1,8/4/2018 3:37:24 PM,,,,2,,I-84,,Saturday
8/4/2018 12:52:21 PM,45.57935,-122.11921,,False,2C,8/4/2018 12:51:43 PM,WB,,,38,31.3,18T064361,False,ITS Device Failure,,COLUMBIA RIVER,False,,00200D00,8/4/2018 12:52:21 PM,1,8/4/2018 12:52:21 PM,,,,2,,I-84,,Saturday
8/4/2018 12:52:32 PM,45.57935,-122.11921,,False,2C,8/4/2018 12:50:33 PM,WB,,,119,31.3,18T064360,False,ITS Device Failure,,COLUMBIA RIVER,False,,00200D00,8/4/2018 12:52:32 PM,1,8/4/2018 12:52:32 PM,,,,2,,I-84,,Saturday
8/4/2018 12:11:47 PM,45.57935,-122.11921,,False,2C,8/4/2018 12:06:33 PM,WB,,,314,31.3,18T064347,False,ITS Device Failure,,COLUMBIA RIVER,False,,00200D00,8/4/2018 12:11:47 PM,1,8/4/2018 12:11:47 PM,,,,2,,I-84,,Saturday
8/4/2018 11:22:08 AM,45.57935,-122.11921,,False,2C,8/4/2018 11:21:41 AM,WB,,,27,31.3,18T064327,False,ITS Device Failure,,COLUMBIA RIVER,False,,00200D00,8/4/2018 11:22:08 AM,1,8/4/2018 11:22:08 AM,,,,2,,I-84,,Saturday
8/4/2018 11:22:01 AM,45.57935,-122.11921,,False,2C,8/4/2018 11:20:41 AM,WB,,,80,31.3,18T064326,False,ITS Device Failure,,COLUMBIA RIVER,False,,00200D00,8/4/2018 11:22:01 AM,1,8/4/2018 11:22:01 AM,,,,2,,I-84,,Saturday
8/4/2018 10:54:30 AM,45.57935,-122.11921,,False,2C,8/4/2018 10:53:32 AM,WB,,,58,31.3,18T064317,False,ITS Device Failure,,COLUMBIA RIVER,False,,00200D00,8/4/2018 10:54:30 AM,1,8/4/2018 10:54:30 AM,,,,2,,I-84,,Saturday
8/4/2018 10:54:51 AM,45.57935,-122.11921,,False,2C,8/4/2018 10:52:33 AM,WB,,,138,31.3,18T064315,False,ITS Device Failure,,COLUMBIA RIVER,False,,00200D00,8/4/2018 10:54:51 AM,1,8/4/2018 10:54:51 AM,,,,2,,I-84,,Saturday
8/4/2018 10:55:39 AM,45.57935,-122.11921,,False,2C,8/4/2018 10:51:32 AM,WB,,,247,31.3,18T064314,False,ITS Device Failure,,COLUMBIA RIVER,False,,00200D00,8/4/2018 10:55:39 AM,1,8/4/2018 10:55:39 AM,,,,2,,I-84,,Saturday
8/4/2018 10:51:35 AM,45.57935,-122.11921,,False,2C,8/4/2018 10:50:32 AM,WB,,,63,31.3,18T064312,False,ITS Device Failure,,COLUMBIA RIVER,False,,00200D00,8/4/2018 10:51:35 AM,1,8/4/2018 10:51:35 AM,,,,2,,I-84,,Saturday
8/4/2018 10:14:55 AM,45.57935,-122.11921,,False,2C,8/4/2018 10:12:33 AM,WB,,,142,31.3,18T064305,False,ITS Device Failure,,COLUMBIA RIVER,False,,00200D00,8/4/2018 10:14:55 AM,1,8/4/2018 10:14:55 AM,,,,2,,I-84,,Saturday
7/28/2018 1:59:09 PM,45.57935,-122.11921,,False,2C,7/28/2018 1:56:24 PM,WB,,,165,31.3,18T061891,False,ITS Device Failure,,COLUMBIA RIVER,False,,00200D00,7/28/2018 1:59:09 PM,1,7/28/2018 1:59:09 PM,,,,2,,I-84,,Saturday
7/28/2018 12:39:18 PM,45.57935,-122.11921,,False,2C,7/28/2018 12:36:46 PM,WB,,,152,31.3,18T061863,False,ITS Device Failure,,COLUMBIA RIVER,False,,00200D00,7/28/2018 12:39:18 PM,1,7/28/2018 12:39:18 PM,,,,2,,I-84,,Saturday
7/28/2018 12:17:03 PM,45.57935,-122.11921,,False,2C,7/28/2018 12:15:32 PM,WB,,,91,31.3,18T061857,False,ITS Device Failure,,COLUMBIA RIVER,False,,00200D00,7/28/2018 12:17:03 PM,1,7/28/2018 12:17:03 PM,,,,2,,I-84,,Saturday
7/28/2018 11:29:12 AM,45.57935,-122.11921,,False,2C,7/28/2018 11:19:25 AM,WB,,,587,31.3,18T061845,False,ITS Device Failure,,COLUMBIA RIVER,False,,00200D00,7/28/2018 11:29:12 AM,1,7/28/2018 11:29:12 AM,,,,2,,I-84,,Saturday
7/21/2018 1:31:25 PM,45.57935,-122.11921,,False,2C,7/21/2018 1:20:54 PM,WB,,,631,31.3,18T059305,False,ITS Device Failure,,COLUMBIA RIVER,False,,00200D00,7/21/2018 1:31:25 PM,1,7/21/2018 1:31:25 PM,,,,2,,I-84,,Saturday
7/21/2018 11:21:30 AM,45.57935,-122.11921,,False,2C,7/21/2018 11:20:41 AM,WB,,,49,31.3,18T059278,False,ITS Device Failure,,COLUMBIA RIVER,False,,00200D00,7/21/2018 11:21:30 AM,1,7/21/2018 11:21:30 AM,,,,2,,I-84,,Saturday
7/21/2018 11:07:52 AM,45.57935,-122.11921,,False,2C,7/21/2018 11:06:42 AM,WB,,,70,31.3,18T059272,False,ITS Device Failure,,COLUMBIA RIVER,False,,00200D00,7/21/2018 11:07:52 AM,1,7/21/2018 11:07:52 AM,,,,2,,I-84,,Saturday
7/21/2018 10:56:05 AM,45.57935,-122.11921,,False,2C,7/21/2018 10:55:33 AM,WB,,,32,31.3,18T059266,False,ITS Device Failure,,COLUMBIA RIVER,False,,00200D00,7/21/2018 10:56:05 AM,1,7/21/2018 10:56:05 AM,,,,2,,I-84,,Saturday
7/21/2018 10:42:16 AM,45.57935,-122.11921,,False,2C,7/21/2018 10:41:36 AM,WB,,,40,31.3,18T059261,False,ITS Device Failure,,COLUMBIA RIVER,False,,00200D00,7/21/2018 10:42:16 AM,1,7/21/2018 10:42:16 AM,,,,2,,I-84,,Saturday
7/14/2018 5:19:01 PM,45.57935,-122.11921,,False,2C,7/14/2018 5:13:32 PM,WB,,,329,31.3,18T056956,False,ITS Device Failure,,COLUMBIA RIVER,False,,00200D00,7/14/2018 5:19:01 PM,1,7/14/2018 5:19:01 PM,,,,2,,I-84,,Saturday
7/14/2018 5:06:45 PM,45.57935,-122.11921,,False,2C,7/14/2018 4:45:32 PM,WB,,,1273,31.3,18T056944,False,ITS Device Failure,,COLUMBIA RIVER,False,,00200D00,7/14/2018 5:06:45 PM,1,7/14/2018 5:06:45 PM,,,,2,,I-84,,Saturday
7/14/2018 4:22:00 PM,45.57935,-122.11921,,False,2C,7/14/2018 4:20:32 PM,WB,,,88,31.3,18T056933,False,ITS Device Failure,,COLUMBIA RIVER,False,,00200D00,7/14/2018 4:22:00 PM,1,7/14/2018 4:22:00 PM,,,,2,,I-84,,Saturday
7/14/2018 2:39:12 PM,45.57935,-122.11921,,False,2C,7/14/2018 2:23:32 PM,WB,,,940,31.3,18T056898,False,ITS Device Failure,,COLUMBIA RIVER,False,,00200D00,7/14/2018 2:39:12 PM,1,7/14/2018 2:39:12 PM,,,,2,,I-84,,Saturday
7/14/2018 1:54:16 PM,45.57935,-122.11921,,False,2C,7/14/2018 1:37:55 PM,WB,,,981,31.3,18T056881,False,ITS Device Failure,,COLUMBIA RIVER,False,,00200D00,7/14/2018 1:54:16 PM,1,7/14/2018 1:54:16 PM,,,,2,,I-84,,Saturday
7/7/2018 3:51:05 PM,45.57935,-122.11921,,False,2C,7/7/2018 3:49:32 PM,WB,,,93,31.3,18T054461,False,ITS Device Failure,,COLUMBIA RIVER,False,,00200D00,7/7/2018 3:51:05 PM,1,7/7/2018 3:51:05 PM,,,,2,,I-84,,Saturday
7/7/2018 1:35:58 PM,45.57935,-122.11921,,False,2C,7/7/2018 1:34:32 PM,WB,,,86,31.3,18T054429,False,ITS Device Failure,,COLUMBIA RIVER,False,,00200D00,7/7/2018 1:35:58 PM,1,7/7/2018 1:35:58 PM,,,,2,,I-84,,Saturday
7/7/2018 1:14:01 PM,45.57935,-122.11921,,False,2C,7/7/2018 1:12:32 PM,WB,,,89,31.3,18T054419,False,ITS Device Failure,,COLUMBIA RIVER,False,,00200D00,7/7/2018 1:14:01 PM,1,7/7/2018 1:14:01 PM,,,,2,,I-84,,Saturday
7/7/2018 12:30:28 PM,45.57935,-122.11921,,False,2C,7/7/2018 12:29:31 PM,WB,,,57,31.3,18T054398,False,ITS Device Failure,,COLUMBIA RIVER,False,,00200D00,7/7/2018 12:30:28 PM,1,7/7/2018 12:30:28 PM,,,,2,,I-84,,Saturday
7/7/2018 11:55:29 AM,45.57935,-122.11921,,False,2C,7/7/2018 11:54:31 AM,WB,,,58,31.3,18T054379,False,ITS Device Failure,,COLUMBIA RIVER,False,,00200D00,7/7/2018 11:55:29 AM,1,7/7/2018 11:55:29 AM,,,,2,,I-84,,Saturday
7/7/2018 11:46:03 AM,45.57935,-122.11921,,False,2C,7/7/2018 11:40:32 AM,WB,,,331,31.3,18T054376,False,ITS Device Failure,,COLUMBIA RIVER,False,,00200D00,7/7/2018 11:46:03 AM,1,7/7/2018 11:46:03 AM,,,,2,,I-84,,Saturday
6/30/2018 4:37:10 PM,45.57935,-122.11921,,False,2C,6/30/2018 4:36:54 PM,WB,,,16,31.3,18T052244,False,ITS Device Failure,,COLUMBIA RIVER,False,,00200D00,6/30/2018 4:37:10 PM,1,6/30/2018 4:37:10 PM,,,,2,,I-84,,Saturday
6/30/2018 4:07:11 PM,45.57935,-122.11921,,False,2C,6/30/2018 4:06:54 PM,WB,,,17,31.3,18T052237,False,ITS Device Failure,,COLUMBIA RIVER,False,,00200D00,6/30/2018 4:07:11 PM,1,6/30/2018 4:07:11 PM,,,,2,,I-84,,Saturday
6/30/2018 3:02:52 PM,45.57935,-122.11921,,False,2C,6/30/2018 3:00:53 PM,WB,,,119,31.3,18T052223,False,ITS Device Failure,,COLUMBIA RIVER,False,,00200D00,6/30/2018 3:02:52 PM,1,6/30/2018 3:02:52 PM,,,,2,,I-84,,Saturday
6/30/2018 2:27:07 PM,45.57935,-122.11921,,False,2C,6/30/2018 2:26:54 PM,WB,,,13,31.3,18T052215,False,ITS Device Failure,,COLUMBIA RIVER,False,,00200D00,6/30/2018 2:27:07 PM,1,6/30/2018 2:27:07 PM,,,,2,,I-84,,Saturday
6/30/2018 1:43:05 PM,45.57935,-122.11921,,False,2C,6/30/2018 1:41:02 PM,WB,,,123,31.3,18T052201,False,ITS Device Failure,,COLUMBIA RIVER,False,,00200D00,6/30/2018 1:43:05 PM,1,6/30/2018 1:43:05 PM,,,,2,,I-84,,Saturday
6/30/2018 1:43:54 PM,45.57935,-122.11921,,False,2C,6/30/2018 1:24:53 PM,WB,,,1141,31.3,18T052194,False,ITS Device Failure,,COLUMBIA RIVER,False,,00200D00,6/30/2018 1:43:54 PM,1,6/30/2018 1:43:54 PM,,,,2,,I-84,,Saturday
6/30/2018 12:48:12 PM,45.57935,-122.11921,,False,2C,6/30/2018 12:47:53 PM,WB,,,19,31.3,18T052179,False,ITS Device Failure,,COLUMBIA RIVER,False,,00200D00,6/30/2018 12:48:12 PM,1,6/30/2018 12:48:12 PM,,,,2,,I-84,,Saturday
6/30/2018 1:52:05 PM,45.57935,-122.11921,,False,2C,6/30/2018 12:03:53 PM,WB,,,6492,31.3,18T052151,False,ITS Device Failure,,COLUMBIA RIVER,False,,00200D00,6/30/2018 1:52:05 PM,1,6/30/2018 1:52:05 PM,,,,2,,I-84,,Saturday
6/30/2018 11:40:24 AM,45.57935,-122.11921,,False,2C,6/30/2018 11:30:53 AM,WB,,,571,31.3,18T052140,False,ITS Device Failure,,COLUMBIA RIVER,False,,00200D00,6/30/2018 11:40:24 AM,1,6/30/2018 11:40:24 AM,,,,2,,I-84,,Saturday
6/30/2018 11:31:11 AM,45.57935,-122.11921,,False,2C,6/30/2018 10:53:54 AM,WB,,,2237,31.3,18T052132,False,ITS Device Failure,,COLUMBIA RIVER,False,,00200D00,6/30/2018 11:31:11 AM,1,6/30/2018 11:31:11 AM,,,,2,,I-84,,Saturday
6/23/2018 3:00:53 PM,45.57935,-122.11921,,False,2C,6/23/2018 2:47:20 PM,WB,,,813,31.3,18T049938,False,ITS Device Failure,,COLUMBIA RIVER,False,,00200D00,6/23/2018 3:00:53 PM,1,6/23/2018 3:00:53 PM,,,,2,,I-84,,Saturday
6/23/2018 2:02:08 PM,45.57935,-122.11921,,False,2C,6/23/2018 1:46:59 PM,WB,,,909,31.3,18T049924,False,ITS Device Failure,,COLUMBIA RIVER,False,,00200D00,6/23/2018 2:02:08 PM,1,6/23/2018 2:02:08 PM,,,,2,,I-84,,Saturday
6/23/2018 12:30:41 PM,45.57935,-122.11921,,False,2C,6/23/2018 12:17:59 PM,WB,,,762,31.3,18T049903,False,ITS Device Failure,,COLUMBIA RIVER,False,,00200D00,6/23/2018 12:30:41 PM,1,6/23/2018 12:30:41 PM,,,,2,,I-84,,Saturday
6/23/2018 12:07:57 PM,45.57935,-122.11921,,False,2C,6/23/2018 11:41:59 AM,WB,,,1558,31.3,18T049893,False,ITS Device Failure,,COLUMBIA RIVER,False,,00200D00,6/23/2018 12:07:57 PM,1,6/23/2018 12:07:57 PM,,,,2,,I-84,,Saturday
6/23/2018 11:11:47 AM,45.57935,-122.11921,,False,2C,6/23/2018 10:36:59 AM,WB,,,2088,31.3,18T049872,False,ITS Device Failure,,COLUMBIA RIVER,False,,00200D00,6/23/2018 11:11:47 AM,1,6/23/2018 11:11:47 AM,,,,2,,I-84,,Saturday
6/16/2018 1:28:57 PM,45.57935,-122.11921,,False,2C,6/16/2018 1:25:51 PM,WB,,,186,31.3,18T047705,False,ITS Device Failure,,COLUMBIA RIVER,False,,00200D00,6/16/2018 1:28:57 PM,1,6/16/2018 1:28:57 PM,,,,2,,I-84,,Saturday
6/16/2018 10:39:23 AM,45.57935,-122.11921,,False,2C,6/16/2018 10:36:13 AM,WB,,,190,31.3,18T047660,False,ITS Device Failure,,COLUMBIA RIVER,False,,00200D00,6/16/2018 10:39:23 AM,1,6/16/2018 10:39:23 AM,,,,2,,I-84,,Saturday
6/9/2018 2:55:47 PM,45.57935,-122.11921,,False,2C,6/9/2018 2:43:41 PM,WB,,,726,31.3,18T045629,False,ITS Device Failure,,COLUMBIA RIVER,False,,00200D00,6/9/2018 2:55:47 PM,1,6/9/2018 2:55:47 PM,,,,2,,I-84,,Saturday
5/26/2018 2:35:27 PM,45.57935,-122.11921,,False,2C,5/26/2018 2:34:35 PM,WB,,,52,31.3,18T041528,False,ITS Device Failure,,COLUMBIA RIVER,False,,00200D00,5/26/2018 2:35:27 PM,1,5/26/2018 2:35:27 PM,,,,2,,I-84,,Saturday
5/26/2018 2:17:01 PM,45.57935,-122.11921,,False,2C,5/26/2018 2:16:35 PM,WB,,,26,31.3,18T041523,False,ITS Device Failure,,COLUMBIA RIVER,False,,00200D00,5/26/2018 2:17:01 PM,1,5/26/2018 2:17:01 PM,,,,2,,I-84,,Saturday
5/26/2018 1:07:07 PM,45.57935,-122.11921,,False,2C,5/26/2018 1:06:35 PM,WB,,,32,31.3,18T041503,False,ITS Device Failure,,COLUMBIA RIVER,False,,00200D00,5/26/2018 1:07:07 PM,1,5/26/2018 1:07:07 PM,,,,2,,I-84,,Saturday
5/26/2018 12:47:14 PM,45.57935,-122.11921,,False,2C,5/26/2018 12:46:37 PM,WB,,,37,31.3,18T041499,False,ITS Device Failure,,COLUMBIA RIVER,False,,00200D00,5/26/2018 12:47:14 PM,1,5/26/2018 12:47:14 PM,,,,2,,I-84,,Saturday
5/26/2018 12:10:10 PM,45.57935,-122.11921,,False,2C,5/26/2018 12:09:35 PM,WB,,,35,31.3,18T041491,False,ITS Device Failure,,COLUMBIA RIVER,False,,00200D00,5/26/2018 12:10:10 PM,1,5/26/2018 12:10:10 PM,,,,2,,I-84,,Saturday
5/26/2018 11:37:31 AM,45.57935,-122.11921,,False,2C,5/26/2018 11:34:37 AM,WB,,,174,31.3,18T041483,False,ITS Device Failure,,COLUMBIA RIVER,False,,00200D00,5/26/2018 11:37:31 AM,1,5/26/2018 11:37:31 AM,,,,2,,I-84,,Saturday
5/26/2018 11:06:33 AM,45.57935,-122.11921,,False,2C,5/26/2018 11:00:35 AM,WB,,,358,31.3,18T041478,False,ITS Device Failure,,COLUMBIA RIVER,False,,00200D00,5/26/2018 11:06:33 AM,1,5/26/2018 11:06:33 AM,,,,2,,I-84,,Saturday
5/26/2018 10:50:57 AM,45.57935,-122.11921,,False,2C,5/26/2018 10:47:35 AM,WB,,,202,31.3,18T041474,False,ITS Device Failure,,COLUMBIA RIVER,False,,00200D00,5/26/2018 10:50:57 AM,1,5/26/2018 10:50:57 AM,,,,2,,I-84,,Saturday
5/19/2018 2:00:59 PM,45.57935,-122.11921,,False,2C,5/19/2018 2:00:14 PM,WB,,,45,31.3,18T039367,False,ITS Device Failure,,COLUMBIA RIVER,False,,00200D00,5/19/2018 2:00:59 PM,1,5/19/2018 2:00:59 PM,,,,2,,I-84,,Saturday
5/19/2018 1:19:02 PM,45.57935,-122.11921,,False,2C,5/19/2018 1:17:23 PM,WB,,,99,31.3,18T039352,False,ITS Device Failure,,COLUMBIA RIVER,False,,00200D00,5/19/2018 1:19:02 PM,1,5/19/2018 1:19:02 PM,,,,2,,I-84,,Saturday
5/12/2018 11:47:14 AM,45.57935,-122.11921,,False,2C,5/12/2018 11:33:14 AM,WB,,,840,31.3,18T037270,False,ITS Device Failure,,COLUMBIA RIVER,False,,00200D00,5/12/2018 11:47:14 AM,1,5/12/2018 11:47:14 AM,,,,2,,I-84,,Saturday
4/21/2018 2:55:47 PM,45.57935,-122.11921,,False,2C,4/21/2018 2:52:18 PM,WB,,,209,31.3,18T031785,False,ITS Device Failure,,COLUMBIA RIVER,False,,00200D00,4/21/2018 2:55:47 PM,1,4/21/2018 2:55:47 PM,,,,2,,I-84,,Saturday
4/21/2018 2:43:18 PM,45.57935,-122.11921,,False,2C,4/21/2018 2:37:22 PM,WB,,,356,31.3,18T031783,False,ITS Device Failure,,COLUMBIA RIVER,False,,00200D00,4/21/2018 2:43:18 PM,1,4/21/2018 2:43:18 PM,,,,2,,I-84,,Saturday
4/21/2018 1:08:33 PM,45.57935,-122.11921,,False,2C,4/21/2018 1:07:19 PM,WB,,,74,31.3,18T031762,False,ITS Device Failure,,COLUMBIA RIVER,False,,00200D00,4/21/2018 1:08:33 PM,1,4/21/2018 1:08:33 PM,,,,2,,I-84,,Saturday
4/14/2018 2:22:38 PM,45.57935,-122.11921,,False,2C,4/14/2018 2:18:18 PM,WB,,,260,31.3,18T029854,False,ITS Device Failure,,COLUMBIA RIVER,False,,00200D00,4/14/2018 2:22:38 PM,1,4/14/2018 2:22:38 PM,,,,2,,I-84,,Saturday
4/14/2018 12:11:48 PM,45.57935,-122.11921,,False,2C,4/14/2018 12:00:26 PM,WB,,,681,31.3,18T029823,False,ITS Device Failure,,COLUMBIA RIVER,False,,00200D00,4/14/2018 12:11:47 PM,1,4/14/2018 12:11:47 PM,,,,2,,I-84,,Saturday
4/14/2018 11:55:47 AM,45.57935,-122.11921,,False,2C,4/14/2018 11:54:18 AM,WB,,,89,31.3,18T029822,False,ITS Device Failure,,COLUMBIA RIVER,False,,00200D00,4/14/2018 11:55:47 AM,1,4/14/2018 11:55:47 AM,,,,2,,I-84,,Saturday
3/31/2018 4:03:40 PM,45.57935,-122.11921,,False,2C,3/31/2018 4:03:18 PM,WB,,,22,31.3,18T025996,False,ITS Device Failure,,COLUMBIA RIVER,False,,00200D00,3/31/2018 4:03:40 PM,1,3/31/2018 4:03:40 PM,,,,2,,I-84,,Saturday
3/31/2018 2:17:43 PM,45.57935,-122.11921,,False,2C,3/31/2018 2:15:18 PM,WB,,,145,31.3,18T025968,False,ITS Device Failure,,COLUMBIA RIVER,False,,00200D00,3/31/2018 2:17:43 PM,1,3/31/2018 2:17:43 PM,,,,2,,I-84,,Saturday
3/31/2018 1:57:34 PM,45.57935,-122.11921,,False,2C,3/31/2018 1:57:22 PM,WB,,,12,31.3,18T025966,False,ITS Device Failure,,COLUMBIA RIVER,False,,00200D00,3/31/2018 1:57:34 PM,1,3/31/2018 1:57:34 PM,,,,2,,I-84,,Saturday
3/31/2018 1:28:33 PM,45.57935,-122.11921,,False,2C,3/31/2018 1:28:18 PM,WB,,,15,31.3,18T025960,False,ITS Device Failure,,COLUMBIA RIVER,False,,00200D00,3/31/2018 1:28:33 PM,1,3/31/2018 1:28:33 PM,,,,2,,I-84,,Saturday
3/31/2018 1:14:30 PM,45.57935,-122.11921,,False,2C,3/31/2018 1:14:18 PM,WB,,,12,31.3,18T025956,False,ITS Device Failure,,COLUMBIA RIVER,False,,00200D00,3/31/2018 1:14:30 PM,1,3/31/2018 1:14:30 PM,,,,2,,I-84,,Saturday
3/31/2018 12:19:44 PM,45.57935,-122.11921,,False,2C,3/31/2018 12:19:26 PM,WB,,,18,31.3,18T025942,False,ITS Device Failure,,COLUMBIA RIVER,False,,00200D00,3/31/2018 12:19:44 PM,1,3/31/2018 12:19:44 PM,,,,2,,I-84,,Saturday
3/31/2018 12:19:57 PM,45.57935,-122.11921,,False,2C,3/31/2018 12:01:18 PM,WB,,,1119,31.3,18T025935,False,ITS Device Failure,,COLUMBIA RIVER,False,,00200D00,3/31/2018 12:19:57 PM,1,3/31/2018 12:19:57 PM,,,,2,,I-84,,Saturday
3/31/2018 10:50:45 AM,45.57935,-122.11921,,False,2C,3/31/2018 10:42:24 AM,WB,,,501,31.3,18T025912,False,ITS Device Failure,,COLUMBIA RIVER,False,,00200D00,3/31/2018 10:50:45 AM,1,3/31/2018 10:50:45 AM,,,,2,,I-84,,Saturday
7/21/2018 5:01:02 PM,45.57935,-122.11921,,False,2C,7/21/2018 4:57:33 PM,WB,,,209,31.3,18T059364,False,Damaged ODOT Property,,COLUMBIA RIVER,False,,00200D00,7/21/2018 5:01:02 PM,1,7/21/2018 5:01:02 PM,,,,2,,I-84,,Saturday
